3067 4984
1224 411 1661 476 ...37-

385 588 720 674 praecepit,
777 591 846 654 ut
902 587 1016 653 sibi
1060 607 1283 673 aquam
1328 608 1547 673 puram
1593 609 1665 652 ex
1712 586 1878 653 fonte
1932 586 2137 652 ferret.
2228 583 2396 663 Quae
2440 583 2503 648 in

389 695 549 782 pelio
595 695 862 778 sustulit,
921 700 985 760 et
1029 692 1176 760 dum
1223 693 1555 782 [Aseneth]
1602 693 1683 759 ad
1726 693 2057 762 lavandum
2102 714 2168 759 se
2215 690 2501 773 declinat,

390 804 609 869 faciem
657 823 832 868 suam
881 803 1056 890 quasi
1113 803 1316 869 radios
1373 802 1520 869 solis
1576 802 1747 870 videt
1798 807 1862 868 et
1906 801 2113 868 oculos
2158 821 2301 866 suos
2346 800 2504 866 sicut

387 913 477 1004 [p.
531 912 643 997 35]
689 910 1035 977 Luciferum
1082 911 1378 977 orientem
1423 913 1486 976 et
1552 909 1837 976 maxillas
1904 931 2048 975 suas
2116 915 2185 975 ut
2252 926 2502 995 campos

383 1019 646 1101 Excelsi,
691 1019 754 1084 in
799 1018 1016 1105 quibus
1046 1018 1305 1084 rubebat
1353 1022 1420 1084 ut
1464 1019 1711 1103 sanguis
1736 1018 2016 1100 hominiS,
2064 1022 2128 1084 et
2170 1017 2346 1082 labra
2390 1035 2502 1080 sua

383 1130 452 1193 ut
497 1147 638 1192 rosa
682 1127 844 1192 vitae
891 1148 924 1192 e
971 1126 1162 1213 stirpe
1193 1130 1406 1213 carpta
1437 1125 1771 1212 dentesque
1817 1130 1887 1192 ut
1931 1147 2105 1190 arma
2146 1123 2225 1190 ad
2271 1122 2501 1189 bellum

386 1239 610 1321 parata
680 1237 864 1320 atque
934 1233 1225 1320 capillum
1295 1233 1512 1320 capitis
1584 1233 1740 1299 sicut
1806 1234 1993 1299 vitem
2060 1231 2328 1320 paradisi
2384 1227 2500 1295 Dei

381 1342 678 1407 fructibus
735 1339 1148 1407 abundantem
1203 1345 1266 1407 et
1313 1341 1609 1408 cervicem
1664 1345 1736 1406 ut
1779 1341 2010 1407 insulas
2056 1339 2345 1425 requietis
2390 1358 2497 1401 an-

387 1448 664 1534 gelorum
709 1450 770 1514 in
818 1449 988 1514 caelo
1033 1453 1407 1534 pectoraque
1454 1470 1569 1513 sua
1614 1452 1932 1534 tamquam
1978 1452 2219 1514 montes
2274 1445 2497 1511 amoris

377 1556 636 1622 Excelsi.
729 1553 936 1641 Atque
1006 1555 1281 1622 Aseneth
1344 1577 1411 1622 se
1438 1559 1485 1642 ¹)
1562 1557 1623 1620 in
1678 1577 1840 1642 aqua
1892 1555 2105 1622 videns
2160 1551 2235 1620 de
2292 1553 2494 1640 specie

381 1685 492 1730 sua
538 1665 772 1750 stupuit
819 1684 1014 1749 neque
1061 1683 1208 1751 prae
1256 1663 1476 1748 gaudio
1525 1666 1745 1730 faciem
1792 1665 1963 1731 lavit.
2057 1662 2289 1730 Locuta
2334 1662 2495 1728 enim

383 1776 518 1838 est:
639 1770 970 1853 „Fortasse
1055 1771 1211 1837 hanc
1286 1771 1799 1858 pulchritudinem
1880 1771 2165 1838 decoram
2244 1769 2491 1835 abluo“.

383 1878 782 1965 Accessitque
839 1878 1035 1944 denuo
1085 1879 1212 1944 eius
1258 1881 1572 1962 nutricius,
1628 1885 1698 1945 ut
1744 1873 1799 1946 ei
1848 1880 2051 1946 omnia
2094 1900 2230 1945 esse
2276 1880 2497 1966 parata

385 1988 780 2052 renuntiaret.
874 1985 988 2063 Qui
1046 2007 1184 2051 cum
1243 2007 1380 2052 eam
1449 1988 1889 2074 conspexisset,
1958 1987 2333 2074 properavit,
2390 1981 2500 2050 sed

377 2093 541 2180 loqui
597 2115 718 2159 non
774 2093 974 2180 potuit
1030 2098 1094 2160 et
1149 2095 1370 2160 timore
1427 2094 1685 2161 affectus
1740 2100 1882 2161 ante
1929 2095 2119 2183 pedes
2174 2092 2497 2181 procubuit

377 2205 440 2268 et
483 2205 617 2266 tum
649 2201 897 2266 demum
944 2200 1120 2266 dixit:
1201 2199 1355 2282 „Qui
1403 2206 1533 2284 est,
1581 2225 1721 2269 mea
1751 2203 2018 2285 domina,
2064 2203 2163 2268 hic
2208 2204 2495 2288 aspectus

380 2308 734 2396 praeclarus
781 2311 964 2394 atque
1011 2308 1308 2373 mirabilis
1365 2309 1886 2395 pulchritudinum
1938 2307 2316 2378 divinarum?
2370 2306 2525 2372 Do—'

377 2417 578 2481 minus
635 2415 803 2482 Deus
861 2415 1013 2481 caeli
1067 2437 1212 2482 vere
1274 2420 1335 2482 to
1393 2439 1683 2504 sponsam
1756 2417 1860 2483 filii
1905 2419 1999 2484 sui
2052 2422 2200 2483 natu
2246 2416 2496 2482 maximi

375 2522 621 2588 elexit“.
717 2522 796 2588 Et
851 2524 1083 2589 iuvenis
1131 2524 1296 2590 venit
1353 2529 1416 2590 et
1464 2524 1815 2592 Aserethae
1870 2527 2199 2592 nuntiavit:
2296 2523 2493 2606 „Ecce

371 2629 602 2717 Joseph
671 2634 767 2695 est
831 2629 893 2694 in
963 2630 1167 2697 limine
1237 2631 1477 2697 aulae“.
1581 2633 1786 2719 Atque
1851 2635 2127 2700 Aseneth
2194 2632 2490 2698 festinans

381 2757 515 2802 cum
565 2741 805 2823 septem
853 2737 1184 2821 virginibus
1240 2740 1418 2805 sociis
1474 2741 1701 2824 gradus
1748 2741 2062 2809 descendit
2106 2742 2184 2807 ad
2233 2741 2494 2806 occursi-

379 2864 556 2910 onem
602 2841 876 2931 Josephi,
927 2848 990 2911 et
1034 2846 1092 2909 in
1142 2845 1328 2912 limen
1374 2846 1593 2914 domus
1639 2850 2058 2915 constiterunt.
2151 2849 2232 2914 Et
2263 2848 2495 2934 Joseph

375 2953 434 3016 in
481 2951 688 3016 aulam
743 2953 931 3035 venit,
997 2973 1070 3018 ac
1126 2957 1341 3040 portae
1390 2955 1635 3022 clausae
1692 2961 1854 3038 sunt,
1922 2962 1986 3024 et
2054 2979 2263 3022 omnes
2310 2956 2492 3022 alieni

376 3058 526 3124 foris
594 3063 950 3124 manserunt
988 3063 1051 3126 et
1100 3111 1380 3126 .....
1442 3064 1517 3150 .²)
1595 3062 1869 3130 Aseneth
1929 3063 2198 3151 Josepho
2244 3064 2489 3129 obviam

371 3165 500 3230 ivit.
595 3164 790 3243 Quam
838 3187 975 3232 cum
1019 3167 1252 3256 Joseph
1301 3171 1662 3256 aspexisset,
1711 3172 1899 3238 etiam
1942 3172 2047 3238 ille
2101 3173 2177 3237 de
2222 3161 2490 3258 pulc-hri-

365 3270 571 3338 tudine
627 3273 758 3338 eius
813 3274 1072 3341 miratus
1129 3281 1191 3342 et
1247 3298 1383 3342 eam
1440 3277 1745 3345 allocutus
1802 3283 1925 3344 est:
2020 3277 2208 3361 „Quis
2264 3300 2331 3344 es
2383 3276 2491 3343 tu?

359 3377 583 3444 Statim
631 3381 778 3444 mihi
823 3381 1022 3448 indica
1036 3382 1094 3447 !“
1141 3421 1232 3434 -—
1279 3383 1473 3468 „Ego,
1521 3386 1737 3471 inquit,
1786 3408 1921 3452 sum
1961 3385 2236 3451 Aseneth
2280 3384 2489 3472 puella

357 3489 421 3550 et
475 3487 696 3552 ancilla
751 3492 878 3571 tua,
927 3511 1084 3576 quae
1138 3514 1177 3556 a
1222 3513 1321 3558 me
1377 3489 1543 3558 idola
1586 3494 1789 3561 amovi
1843 3500 1905 3560 et
1962 3493 2111 3560 deos
2167 3495 2485 3558 contemno

363 3613 434 3658 ac
480 3613 729 3680 spern03
805 3600 869 3662 et
923 3597 1101 3664 hodie
1148 3601 1241 3666 vir
1298 3599 1377 3665 ad
1422 3622 1520 3666 me
1592 3623 1663 3667 ex
1712 3602 1881 3668 caelo
1936 3601 2122 3683 venit,
2190 3601 2295 3686 qui
2339 3601 2486 3666 mihi

361 3696 584 3787 pa‘nem
631 3703 794 3771 vitae
841 3705 1011 3774 dedit
1044 3748 1126 3756 —
1172 3713 1235 3775 et
1281 3709 1378 3776 edi
1404 3749 1497 3760 —
1529 3715 1593 3778 et
1636 3711 1921 3799 poculum
1968 3709 2353 3776 benedictum
2401 3747 2483 3758 —-

369 3813 431 3875 et
480 3809 600 3874 bibi
626 3849 713 3858 —
739 3809 1011 3897 dixitque
1057 3816 1234 3882 mihi:
1285 3816 1411 3901 „Te
1442 3817 1714 3906 Josepho
1739 3839 2030 3906 sponsam
2055 3815 2234 3902 dabo,
2282 3821 2346 3884 et
2389 3816 2494 3882 ille
