3067 4984
1463 398 1907 478 „42-

609 573 818 635 autem
849 569 1034 635 Balae
1083 575 1146 636 et
1187 571 1290 636 filii
1321 572 1613 659 Zelphae,
1660 571 2020 637 ancillarum
2052 570 2195 636 Liae
2242 573 2306 636 et
2338 568 2586 651 Rachel,
2633 589 2743 635 eos

611 698 731 743 non
777 679 1048 744 comitati
1095 684 1256 760 sunt,
1327 679 1491 766 quod
1537 679 1662 745 doli
1708 680 1925 767 prioris
1971 676 2362 744 recordantes
2418 675 2740 743 timebant.

613 786 708 852 Ac
753 785 916 854 Levi'
958 809 995 851 a
1045 785 1260 852 dextra
1307 787 1663 853 Asenethae
1724 808 1971 870 gressus
2026 807 2208 851 manu
2265 807 2377 852 sua
2431 783 2747 872 prehensit
2786 819 2795 824 ·

613 900 678 960 et
707 894 940 981 Joseph
983 894 1062 961 ab
1105 897 1234 960 eius
1283 896 1548 961 sinistra.
1644 895 1720 961 Et
1752 894 2029 960 Aseneth
2058 892 2209 960 Levi
2251 892 2503 958 amabat
2547 892 2748 980 magis

613 1023 798 1087 quam
830 1024 1040 1068 omnes
1070 1002 1324 1089 Josephi
1355 1004 1601 1085 fratreS,
1648 1001 1812 1089 quod
1842 1001 1973 1067 Deo
2006 1003 2145 1068 vivo
2176 1001 2551 1088 propinquus
2590 1003 2746 1064 erat.

616 1109 733 1188 Qui
776 1110 870 1177 vir
915 1110 1216 1196 propheta
1275 1115 1338 1176 et
1381 1110 1649 1196 prudens
1696 1113 1830 1175 erat
1884 1113 1946 1174 et
1990 1109 2119 1174 eius
2186 1107 2345 1174 oculi
2366 1110 2415 1194 ¹)
2458 1107 2657 1194 aperti
2679 1107 2754 1193 ²),

613 1221 800 1302 atque
869 1217 1058 1286 verba
1111 1219 1481 1304 scriptorum
1550 1218 1845 1284 librorum
1900 1216 2055 1282 caeli
2116 1217 2349 1304 scripta
2392 1213 2583 1299 digito
2629 1211 2751 1280 Dei

617 1324 959 1411 exploravit
1003 1345 1345 1410 arcanaque
1378 1323 1494 1390 Dei
1542 1324 1741 1404 scivit,
1790 1345 1947 1409 quae
1994 1324 2049 1389 ei
2088 1323 2400 1410 patefacta
2442 1326 2636 1402 erant,
2684 1325 2753 1385 et

616 1431 968 1497 Asenethae
1021 1451 1246 1496 arcana
1299 1432 1834 1519 praesignificavit,
1890 1429 2054 1516 quod
2100 1431 2229 1496 eius
2285 1449 2460 1495 mens
2516 1426 2755 1494 sciebat

620 1538 695 1604 de
741 1538 904 1603 illius
952 1539 1013 1604 in
1059 1539 1316 1604 excelsis
1373 1541 1645 1626 requiete
1688 1545 1756 1605 et
1812 1538 2127 1604 moenibus
2176 1536 2340 1604 illius
2397 1537 2457 1601 in
2504 1534 2755 1602 saecula

617 1644 1029 1710 adamantinis
1065 1646 1627 1732 fundamentisque,
1674 1667 1835 1730 quae
1868 1644 2177 1731 quondam
2203 1647 2264 1710 in
2291 1643 2497 1731 lapide
2542 1648 2761 1730 petrae

619 1753 829 1818 firmae
877 1754 936 1816 in
982 1761 1222 1839 septem
1269 1753 1454 1819 caelis
1501 1755 1706 1840 posita
1750 1759 1910 1820 sunt.

796 1861 927 1938 Quo
981 1867 1259 1947 tempore
1312 1861 1549 1948 «loseph
1602 1867 1666 1927 et
1722 1861 1999 1927 Aseneth
2056 1861 2523 1948 praeterierunt,
2592 1858 2756 1924 filius

617 1965 956 2034 Pharaonis
1001 1975 1149 2034 natu
1194 1969 1497 2034 maximus
1546 1991 1619 2035 ex
1674 1969 1932 2038 adverso
1980 1989 2086 2035 eos
2142 1968 2463 2054 conspexit
2510 1970 2573 2034 et
2616 1987 2764 2031 cum

621 2074 998 2141 Asenetham
1049 2076 1486 2161 conspexisset,
1533 2077 1665 2142 zelo
1710 2078 1995 2142 incitatus
2052 2098 2191 2143 eam
2236 2077 2487 2163 cupivit.
2580 2073 2765 2157 Inge-

621 2183 896 2266 muitque
960 2184 1050 2269 [p.
1101 2183 1214 2269 40]
1273 2189 1335 2248 et
1404 2184 1691 2250 insanivit
1746 2183 1821 2250 de
1893 2185 2020 2250 eius
2077 2180 2547 2271 pulchritudine,
2616 2201 2762 2246 cum

621 2288 877 2355 diceret:
974 2287 1140 2371 „Cur
1186 2290 1272 2354 ita
1285 2288 1355 2353 ?“
1447 2289 1657 2375 Atque
1702 2288 2039 2357 Pharaonis
2096 2291 2257 2356 filius
2302 2291 2545 2356 nuntios
2588 2288 2763 2353 misit

621 2400 685 2461 et
731 2395 1076 2461 Simeonem
1126 2399 1189 2461 et
1233 2395 1384 2464 Levi
1429 2395 1510 2460 ad
1556 2417 1623 2462 se
1670 2399 1931 2463 vocavit.
2026 2396 2141 2474 Qui
2186 2398 2303 2465 viri
2347 2399 2765 2463 convenerunt

619 2506 685 2566 et
742 2501 801 2565 in
859 2502 988 2567 eius
1043 2508 1376 2589 conspectu
1429 2503 1855 2584 constiterunt,
1920 2510 1981 2570 et
2041 2505 2481 2590 primogenitus
2523 2501 2763 2568 Phara—

622 2609 755 2674 onis
801 2608 881 2673 ad
915 2630 1048 2674 eos:
1146 2609 1350 2691 „Scio,
1382 2611 1597 2696 inquit,
1648 2632 1757 2676 vos
1790 2612 1950 2678 viros
1982 2612 2350 2680 valentiores
2398 2632 2533 2677 esse
2566 2631 2763 2694 quam

623 2736 867 2782 omnem
913 2716 1110 2784 virum
1156 2722 1358 2782 terrae
1406 2723 1466 2783 et
1513 2717 1609 2782 his
1656 2718 1936 2782 manibus
1982 2720 2203 2786 vestris
2250 2717 2493 2784 Sichem
2542 2717 2761 2784 urbem

623 2823 966 2890 vastavisse
989 2826 1039 2911 ³)
1087 2831 1150 2890 et
1196 2825 1291 2889 his
1345 2823 1582 2890 duobus
1623 2825 1816 2890 hastis
1860 2827 1980 2892 tria
2022 2826 2218 2892 millia
2263 2827 2531 2896 virorum
2584 2824 2764 2891 belli-

623 2950 904 2995 cosorum
951 2931 1347 2997 interfecisse.
1439 2931 1647 3019 Atque
1696 2954 1835 2999 ecce
1884 2955 1995 3017 ego
2053 2932 2230 3000 hodie
2278 2935 2521 3000 omnino
2582 2932 2763 2999 vobis

625 3039 825 3104 socius
873 3043 935 3104 et
980 3041 1214 3105 amicus
1261 3039 1402 3105 fiam
1452 3046 1514 3106 et
1562 3040 1737 3108 vobis
1768 3063 1985 3107 aurum
2032 3049 2093 3107 et
2140 3046 2465 3125 argentum
2500 3041 2763 3108 multas—

624 3167 740 3231 que
811 3166 962 3231 opes
1008 3151 1070 3211 et
1125 3168 1383 3231 magnas
1451 3150 1871 3234 possessiones
1927 3149 2121 3214 bonas
2166 3147 2348 3231 dabo,
2418 3147 2529 3216 sed
2576 3169 2767 3214 unam

625 3274 756 3318 rem
803 3274 842 3317 a
888 3253 1061 3319 vobis
1091 3254 1357 3340 postulo,
1405 3277 1591 3340 quam
1632 3257 1775 3321 mihi
1830 3278 1941 3343 per
1970 3278 2243 3322 amorem
2290 3257 2547 3338 faciatiS‚
2595 3255 2770 3339 quod

632 3360 961 3443 ignominia
1013 3359 1244 3448 ‚Ioseph
1297 3362 1488 3428 frater
1556 3368 1761 3430 vester
1819 3385 1915 3428 me
1980 3364 2188 3432 affecit
2244 3369 2306 3430 et
2374 3365 2769 3450 contempsit,

623 3489 765 3532 cum
797 3467 1178 3534 Asenetham
1210 3490 1462 3534 uxorem
1493 3491 1696 3536 meam
1726 3476 1993 3558 caperet,
2042 3493 2199 3556 quae
2232 3472 2379 3536 mihi
2418 3472 2765 3558 antiquitus

629 3573 835 3640 debita
883 3581 996 3642 est.
1071 3575 1246 3642 Nunc
1279 3579 1500 3659 venite,
1550 3579 1697 3643 mihi
1728 3580 1944 3661 iurate,
1996 3586 2059 3646 et
2092 3600 2231 3646 cum
2262 3578 2541 3666 Josepho
2572 3579 2770 3646 fratre

624 3686 830 3748 vestro
883 3705 1225 3768 pugnemus
1273 3688 1334 3749 et
1382 3707 1520 3749 eum
1569 3685 1748 3751 hasta
1793 3709 1931 3752 mea
1974 3687 2430 3768 interficiamuS,
2490 3691 2555 3754 et
2598 3685 2768 3754 Ase-

623 3789 770 3854 neth
803 3789 951 3854 mihi
996 3811 1146 3856 uxor
1178 3791 1286 3857 fiat
1331 3795 1393 3857 et
1423 3813 1533 3859 vos
1583 3793 1803 3859 fratres
1836 3800 1896 3860 et
1944 3795 2125 3860 amici
2154 3795 2301 3862 veri.
2397 3793 2503 3860 Sin
2550 3799 2769 3861 autem

785 4003 826 4070 ¹)
859 4005 1019 4060 Num.
1059 4005 1144 4066 24,
1169 4005 1218 4060 4.
1264 4005 1346 4063 16.

786 4132 830 4222 ²)
867 4131 984 4200 lege
1056 4129 1356 4230 &Aac

782 4237 825 4306 8)
863 4236 942 4292 cf.
983 4239 1115 4298 Gen.
1153 4242 1239 4305 34,
1262 4243 1349 4299 25.
