3067 4984
1202 451 1645 517 ...35-

365 626 602 711 lebant,
636 628 698 694 in
743 631 976 699 terram
1007 627 1220 716 lapsae
1250 631 1529 695 mortuae
1562 632 1724 694 sunt.
1793 626 2001 715 Atque
2030 629 2123 696 vir
2162 631 2493 716 sceptrum,

363 733 530 822 quod
557 737 624 802 in
669 736 799 802 eius
843 757 1028 801 manu
1059 738 1216 818 erat,
1263 733 1345 800 ad
1387 757 1539 824 apes
1569 738 1845 802 mortuas
1888 737 2160 823 porrexit
2190 734 2487 824 dixitque:

366 842 652 928 „surgite
677 845 725 930 ²)
796 864 905 910 vos
961 864 1201 930 quoque
1273 849 1335 909 et
1403 840 1484 909 ad
1536 844 1674 910 loca
1750 847 1961 910 vestra
2004 845 2110 927 ite,
2176 845 2240 910 in
2283 843 2486 910 aulam

365 951 520 1017 turri
566 950 919 1018 Asenethae
962 952 1393 1038 propinquam,
1450 953 1513 1017 et
1557 951 1832 1018 habitate
1886 956 1952 1017 et
1996 955 2241 1020 manete
2285 953 2346 1017 in
2391 973 2490 1016 ar-

367 1057 618 1124 boribus
660 1058 1030 1142 frugiferis“.
1107 1056 1508 1144 Rogavitque:
1536 1059 1631 1125 vir
1660 1057 2070 1125 Asenetham:
2149 1058 2491 1142 „Vidistine

366 1164 532 1248 illas,
555 1162 916 1232 Aseneth“?
985 1163 1153 1244 Quae
1179 1163 1521 1252 respondit:
1594 1165 1797 1250 ,‚Vidi‚
1822 1167 1908 1232 mi
1932 1164 2236 1232 domine“.
2292 1163 2490 1232 Dixit-

367 1293 485 1358 que
532 1272 625 1339 vir
668 1269 749 1338 ad
795 1293 963 1338 eam:
1058 1272 1200 1354 „Ita
1255 1273 1537 1340 evenient
1590 1273 1793 1340 omnia
1836 1273 2045 1355 verba,
2104 1293 2262 1359 quae
2306 1271 2387 1337 ad
2430 1277 2493 1338 te

369 1378 549 1446 hodie
618 1376 802 1444 dixi“.
895 1377 1130 1445 Rursus
1186 1380 1281 1445 vir
1347 1401 1531 1446 manu
1588 1384 1839 1447 extensa
1904 1380 2318 1465 fragmentum
2371 1381 2497 1447 favi

370 1487 596 1570 attigit,
643 1490 829 1572 atque
851 1487 1008 1570 ignis
1055 1508 1095 1552 a
1139 1507 1352 1552 mensa
1395 1483 1693 1570 ascendit,
1741 1488 1845 1574 qui
1888 1488 2099 1554 favum
2128 1487 2496 1576 absumpsit,

371 1592 481 1660 sed
548 1614 825 1660 mensam
880 1614 1000 1660 non
1061 1594 1244 1660 laesit
1296 1614 1494 1679 neque
1564 1615 1638 1660 ea
1690 1594 1924 1681 potitus
1992 1599 2108 1660 est.
2201 1594 2283 1660 Et
2350 1593 2501 1662 odor

369 1703 702 1768 exustionis
747 1701 871 1769 favi
915 1701 1186 1768 suaviter
1231 1711 1346 1788 per'
1387 1706 1585 1770 totam
1632 1701 1881 1768 domum
1927 1700 2216 1768 domicilii
2262 1699 2496 1768 Asene—

368 1809 512 1877 thae
558 1807 747 1876 flavit.
841 1805 1127 1894 Dixitque
1174 1806 1452 1874 Aseneth
1507 1809 1587 1875 ad
1634 1810 1861 1877 virum:
1955 1807 2279 1896 ‚‚Domine‚
2318 1808 2499 1896 ,apud

370 1939 469 1983 me
501 1921 741 2004 septem
773 1915 1037 2000 virgines
1069 1919 1230 1997 sunt,
1278 1916 1569 2002 aequales
1606 1937 1780 1983 meae
1827 1920 1891 1982 et
1930 1936 2171 1983 mecum
2215 1917 2501 1998 nutritae,

369 2030 433 2092 et
477 2045 584 2092 eas
630 2023 813 2108 diligo
859 2024 1034 2110 quasi
1082 2044 1322 2090 sorores
1367 2045 1562 2091 meas,
1635 2022 1800 2102 Quas
1845 2024 1956 2090 tibi
2002 2024 2253 2104 vocab0‚
2302 2029 2365 2090 et
2412 2024 2500 2090 eis

373 2131 628 2198 benedic
672 2137 744 2198 ut
799 2131 946 2198 mihi
962 2131 1021 2195 !“
1114 2130 1340 2218 Aitque
1401 2132 1519 2198 vir:
1616 2129 1827 2215 „Voca
1882 2137 2057 2214 eas“;
2120 2136 2183 2197 et
2228 2129 2504 2198 Aseneth

375 2244 617 2326 septem
646 2240 912 2324 virgines
943 2239 1206 2321 vocavit,
1254 2243 1318 2306 et
1339 2243 1482 2306 ante
1513 2260 1655 2306 eum
1702 2240 2107 2307 constiterunt
2137 2245 2201 2307 et
2245 2239 2339 2306 vir
2382 2240 2498 2305 eis:

377 2345 631 2431 ‚‚V0bis,
685 2347 902 2432 inquit,
967 2346 1289 2414 benedicat
1343 2345 1624 2414 Diminus
1676 2345 1847 2413 Deus
1900 2347 2199 2428 excelsuS‚
2256 2349 2319 2412 et
2370 2346 2505 2412 sitis

381 2458 621 2544 septem
677 2454 997 2522 columnae
1045 2455 1106 2522 in
1175 2455 1324 2521 urbe
1378 2455 1617 2540 refugii,
1690 2457 1752 2521 et
1804 2476 2015 2522 omnes
2082 2454 2243 2520 filiae
2288 2453 2505 2520 domus

376 2561 546 2628 urbis
590 2562 827 2646 refugii,
874 2566 938 2630 et
982 2583 1194 2630 omnes
1223 2563 1384 2630 filiae
1431 2561 1651 2628 domus
1685 2562 1851 2628 urbis
1894 2562 2112 2646 refugii
2146 2561 2378 2628 electae
2422 2561 2505 2626 ad

383 2692 495 2740 vos
527 2674 589 2738 et
632 2692 744 2759 per
790 2691 900 2736 vos
922 2671 972 2757 ²)
1019 2672 1079 2736 in
1125 2674 1445 2737 aeternum
1488 2670 1985 2756 conquiescant“.
2078 2668 2366 2756 Dixitque
2412 2670 2507 2736 vir

384 2776 466 2845 ad
510 2776 919 2845 Asenetham:
988 2777 1208 2860 „Nunc
1262 2798 1541 2845 mensam
1596 2777 1837 2858 aufer“;
1914 2780 1977 2842 et
2031 2776 2177 2843 dum
2230 2773 2508 2842 Aseneth

382 2906 661 2954 mensam
705 2885 925 2966 aufert,
980 2885 1074 2952 vir
1119 2905 1323 2950 coram
1380 2906 1454 2951 ea
1497 2888 1775 2950 mutatus
1830 2888 1945 2952 est.
2038 2883 2134 2950 Ac
2187 2905 2326 2950 cum
2370 2903 2508 2948 sus-

389 2994 642 3082 piceret,
734 3012 872 3060 ecce
927 3012 1169 3059 currum
1190 2995 1241 3079 ³)
1296 2995 1586 3079 quattuor
1639 3011 1954 3076 equorum,
2022 2992 2127 3078 qui
2170 2992 2233 3056 in
2278 2991 2513 3058 caelum

390 3123 606 3169 versus
649 3101 712 3166 in
760 3101 1056 3167 orientem
1110 3099 1307 3166 solem
1350 3100 1479 3167 ivit.
1574 3099 1655 3166 Et
1701 3099 1935 3187 species
1992 3099 2081 3186 [p.
2131 3100 2245 3186 34]
2301 3119 2511 3165 currus

363 3207 666 3293 fulgebat
711 3211 775 3275 et
815 3205 1019 3274 lucida
1064 3209 1197 3273 erat
1242 3211 1310 3274 ut
1353 3208 1510 3292 ignis
1557 3211 1621 3275 et
1665 3209 1901 3295 species
1942 3227 2233 3293 equorum
2280 3209 2348 3271 ut
2392 3205 2512 3272 ful-

393 3337 565 3400 gura,
626 3335 698 3382 ac
744 3315 840 3382 vir
895 3337 1079 3403 super
1125 3336 1305 3381 curru
1360 3315 1587 3382 stabat.
1679 3315 1761 3381 Et
1804 3313 2082 3381 Aseneth
2136 3312 2341 3380 locuta
2384 3318 2509 3379 est:

392 3420 598 3508 „Vero
653 3422 846 3490 stulta
899 3425 1083 3510 atque
1153 3421 1349 3488 audax
1371 3425 1423 3510 ⁴)
1467 3422 1586 3505 fui,
1659 3421 1821 3510 quod
1875 3423 2027 3488 haec
2092 3421 2297 3486 locuta
2371 3441 2510 3486 sum

393 3528 599 3596 dicens
643 3531 844 3597 virum
888 3531 951 3596 in
995 3529 1282 3596 conclave
1329 3551 1533 3596 meum
1579 3530 1841 3614 venisse,
1885 3549 2081 3616 neque
2127 3527 2274 3595 scivi
2311 3523 2509 3592 Deum

549 3817 592 3886 1)
627 3818 752 3887 Ιοεο
823 3811 1098 3916 <aka-0

548 3981 594 4052 ²)
626 3979 915 4051 legendum
950 3980 1034 4035 cut
1084 3996 1342 4079 τωο

551 4108 596 4179 ⁸)
633 4105 713 4162 Of.
751 4103 802 4160 11
836 4105 969 4175 Reg.
1003 4103 1165 4171 211.

560 4235 605 4302 ⁴>
641 4233 800 4302 ‘1030
831 4220 1112 4313 ibai-⁸³⁶0
