3067 4984
1118 432 1555 496 ..25-

275 609 400 672 suis
434 613 498 674 et
542 608 650 690 eiS,
684 609 786 690 qui
833 609 890 673 ei
921 595 1341 689 oboediebant‚
1373 609 1707 694 praecepit,
1742 612 1810 673 ut
1838 627 2079 672 currum
2110 611 2425 694 pararent*

274 735 588 798 equosque
657 715 1000 798 iungerent3
1075 713 1224 780 dixit
1289 715 1480 779 enim:
1588 713 1853 795 „Statim
1919 713 2267 800 proficiscar
2334 718 2397 779 et

273 827 504 886 terram
553 821 947 886 circumibo“.
1040 819 1338 906 Putiphar
1383 825 1590 886 autem
1622 819 1889 907 Josepho
1935 819 2105 904 dixit,
2152 827 2221 886 ut
2262 819 2396 885 diu-

272 930 394 994 tius
439 928 603 1015 apud
651 950 716 994 se
762 935 1038 994 maneret
1083 949 1154 992 ac
1201 929 1561 1012 quiesceret.
1654 927 1734 994 Et
1778 926 2092 1015 respondit
2134 926 2392 1012 Joseph:

275 1033 599 1118 „Profecto
644 1036 764 1118 ibo,
823 1035 986 1120 quod
1029 1036 1126 1101 hic
1171 1035 1303 1100 dies
1347 1036 1581 1122 primus
1628 1041 1743 1118 est,
1801 1055 1921 1120 quo
1966 1033 2137 1101 Deus
2194 1034 2396 1100 omnia

276 1165 461 1230 super
504 1148 671 1210 terra
727 1143 926 1208 facere
973 1143 1193 1230 coepit.
1288 1141 1375 1208 At
1432 1149 1575 1228 post
1625 1149 1761 1209 octo
1828 1141 1957 1208 dies
2012 1141 2093 1208 ad
2138 1163 2247 1210 vos
2300 1162 2397 1207 re-

275 1257 551 1317 revertar
596 1257 658 1317 et
706 1250 802 1316 hic
831 1252 1250 1336 requiescam“
1271 1253 1342 1337 ¹).
1435 1247 1723 1335 Dixitque
1746 1253 1795 1338 2)
1818 1249 2118 1338 Putiphar
2148 1251 2398 1334 eiusque

273 1359 632 1445 propinqui:
757 1357 1002 1440 „Etiam
1078 1377 1190 1422 nos
1263 1357 1344 1422 ad
1415 1358 1868 1444 possessionem
1944 1364 2219 1428 nostram
2292 1373 2398 1424 rus

235 1465 420 1554 ‘ituri
462 1469 738 1530 sumus“.
2223 1483 2232 1490 ·

450 1571 656 1656 Atque
686 1571 963 1638 Aseneth
1007 1571 1141 1637 sola
1186 1592 1324 1638 cum
1369 1576 1612 1658 septem
1657 1571 1991 1656 virginibus
2037 1571 2396 1657 aequalibus

277 1679 590 1745 remansit.
683 1677 897 1744 Tristis
965 1683 1169 1744 autem
1226 1679 1341 1744 fuit
1409 1685 1471 1745 et
1516 1679 1714 1763 flevit,'
1781 1679 1927 1746 dum
1982 1680 2077 1746 sol
2144 1678 2390 1762 occidit3

267 1807 464 1870 neque
495 1787 544 1871 ³)
591 1807 816 1870 panem
840 1785 965 1851 edit
989 1807 1188 1870 neque
1233 1789 1472 1873 potavit
1519 1809 1764 1870 aquam,
1814 1792 1876 1854 et
1904 1787 2010 1853 ubi
2056 1808 2173 1853 nox
2204 1787 2389 1868 venit,

276 1914 652 1977 quamquam
701 1914 912 1959 omnes
943 1891 1258 1958 domestici
1305 1893 1578 1959 cubitum
1622 1896 1881 1977 iverunt,
1928 1895 2037 1959 illa
2081 1894 2215 1960 sola
2244 1892 2397 1977 vigi-

273 1999 426 2066 lavit
481 2004 665 2083 atque
713 1992 1021 2065 exsomnis
1067 2000 1181 2065 fuit
1196 2051 1212 2083 ‚
1270 2021 1408 2066 cum
1453 2002 1749 2085 cogitaret
1806 2007 1868 2068 et
1913 2001 2088 2067 fleret
2143 2003 2233 2088 [p.
2282 2001 2396 2086 26]

277 2112 343 2172 et
408 2108 626 2173 timore
707 2107 1284 2193 perturbationeque
1353 2107 1575 2174 affecta
1642 2112 1894 2196 pectora
1958 2109 2306 2196 percuteret
2326 2110 2396 2194 ⁴).

270 2215 482 2298 Atque
539 2236 572 2279 e
619 2215 781 2280 lectu
839 2235 949 2280 suo
997 2216 1257 2281 surrexit
1311 2220 1373 2281 et
1419 2215 1637 2282 leniter
1690 2215 1915 2300 gradus
1961 2215 2277 2282 descendit
2336 2219 2398 2280 et

275 2321 359 2388 ad
389 2322 712 2408 pistrinum
724 2323 780 2409 ὅ)
824 2323 1011 2404 venit,
1059 2322 1161 2388 ubi
1207 2323 1539 2390 molitrices
1566 2327 1615 2411 ⁵)
1670 2345 1999 2408 earumque
2041 2323 2214 2390 liberi
2261 2322 2400 2388 dor-

278 2429 568 2495 miebant.
663 2428 1078 2514 Velamenque
1147 2417 1454 2496 fenestrae
1509 2431 1774 2497 detraxit
1842 2434 1906 2498 et
1967 2433 2165 2499 cinere
2221 2433 2284 2496 in
2338 2428 2401 2494 id

275 2537 439 2602 iacto
493 2536 574 2602 ad
621 2537 961 2602 thalamum
1016 2559 1194 2602 suum
1239 2536 1513 2603 ascendit
1570 2543 1633 2604 et
1674 2537 1740 2604 id
1793 2541 1855 2604 in
1900 2539 2031 2605 solo
2087 2540 2293 2626 posuit
2339 2543 2401 2602 et

267 2649 484 2730 port-as
541 2649 723 2727 atque
781 2645 966 2709 etiam
1035 2665 1236 2711 seram
1251 2646 1308 2731 6)
1363 2651 1541 2711 caute
1595 2645 1835 2712 clausit.
1936 2645 2113 2712 Adeo
2190 2650 2399 2712 autem

267 2752 568 2835 ingemuit
590 2754 640 2838 ⁷)
685 2753 1002 2840 suspirans
1032 2773 1359 2836 amareque
1407 2753 1675 2839 plorans,
1724 2760 1792 2820 ut
1836 2775 1959 2819 una
1991 2777 2023 2820 e
2070 2755 2400 2838 virginibus

271 2953 458 3015 ζεῦξαι
491 2955 616 3016 τοὺς
653 2952 838 3016 ἵππους
874 2955 950 3015 εἰς
985 2953 1049 3006 τὰ
1087 2948 1298 3023 ἅρματα
1333 2955 1516 3014 αὐτοῦ,
1566 2955 1625 3008 τὲ
1663 2954 1939 3008 κυκλεῦσαι
1974 2955 2141 3008 πᾶσαν
2160 2954 2251 3022 τὴν
2286 2959 2401 3022 γῆν.

267 3045 358 3098 καὶ
396 3045 533 3098 εἶπεν
570 3051 864 3114 πεντεφρῆς
899 3045 1030 3114 πρὸς
1065 3045 1258 3112 ἰωοήφ.
1297 3043 1601 3114 αόλισθήτω
1638 3045 1703 3114 δὴ
1742 3045 1771 3096 ὁ
1807 3044 1985 3114 κύριός
2016 3063 2124 3122 μου
2168 3045 2402 3116 σήμερον

269 3137 522 3197 ἐνταῦθα,
557 3137 616 3190 τὲ
654 3130 726 3207 τῷ
764 3133 901 3205 πρωῒ
933 3134 1200 3208 ἀπελεύσῃ
1243 3135 1332 3204 τὴν
1371 3135 1495 3188 ὀδόν
1532 3152 1647 3188 σου.
1706 3196 1709 3198 v

423 3258 466 3329 ¹)
502 3259 622 3328 1030
703 3256 1067 3319 ...ulmo

421 3367 462 3437 2)
498 3374 574 3434 ὡς
610 3372 836 3442 ἐξῆλθεν
881 3363 1056 3441 Ζωοὴφ
1109 3375 1204 3440 τῆς
1257 3369 1432 3430 οἰκίας,
1491 3367 1731 3437 ἀπῆλθεν
1786 3369 1847 3422 τὲ
1882 3368 1914 3420 ὁ
1970 3361 2264 3440 πεντεφρῇς
2317 3368 2401 3421 καὶ

271 3464 423 3517 πᾶσα
457 3464 492 3532 ἡ
529 3465 804 3534 συγγένεια
841 3463 1007 3516 αὐτοῦ
1044 3463 1119 3524 εἰς
1154 3462 1242 3515 τὸν
1276 3459 1468 3530 κλῆρον
1505 3458 1697 3520 αὐτῶν.

423 3567 464 3634 ³)
498 3567 660 3624 Deut.
697 3567 745 3634 9,
766 3567 817 3623 9.

424 3678 469 3748 ⁴)
506 3677 628 3732 Luc.
669 3677 754 3742 18,
783 3677 868 3734 13.
905 3675 992 3746 23,
1013 3676 1098 3731 48.

433 3805 482 3874 ⁶)
516 3804 636 3873 lege
707 3792 929 3885 1.ῳρ
965 3807 1021 3858 et
1076 3793 1322 3879 {lu-23.
1405 3801 1469 3858 Τ.
1532 3800 1627 3858 Gr.
1665 3801 1804 3856 hanc
1844 3799 2132 3854 lectionem
2206 3798 2399 3884 habet:

271 3917 520 3972 ἐλθοῦσα
539 3919 670 3988 πρὸς
705 3921 791 3972 τὸν
813 3918 1024 3972 πυλῶνα
1060 3919 1186 3990 εὗρε
1206 3921 1298 3988 τὴν
1333 3917 1583 3987 θυρωρὸν
1600 3915 1965 3968 καθεύδουσαν
1980 3912 2118 3978 μετὰ
2154 3909 2254 3966 τῶν
2291 3912 2398 3964 τέκ-

275 4029 391 4064 νων
429 4001 607 4078 αὐτῆς.
643 4004 788 4074 Ergo
824 4005 1054 4076 Moyses.
1126 4010 1342 4075 μυλῶνα
1381 4004 1577 4074 legisse
1613 4001 1844 4057 videtur.

437 4111 484 4176 ⁶)
520 4118 602 4170 καὶ
637 4118 724 4170 τὸν
759 4116 958 4188 μοχλὸν
995 4118 1084 4171 τὸν
1127 4119 1372 4187 σιδηροῦν
1409 4117 1663 4184 ἐπέθηκεν
1698 4110 1830 4187 αὐτῇ
1870 4115 1927 4167 ἐκ
1966 4116 2061 4167 τοῦ
2098 4111 2365 4180 πελαγίου.

429 4240 476 4308 ⁷)
512 4240 630 4310 lege
715 4229 956 4314 Mul
