3067 4984
1451 341 1892 404 ..η-.-

612 517 847 582 tractus
879 519 942 582 et
971 517 1240 582 minutus
1271 519 1367 582 est
1409 519 1595 602 atque
1628 518 1935 602 epitomen
1962 515 2167 600 potius
2198 511 2442 578 fabulae
2471 509 2727 597 praebet

613 643 686 688 ex
755 622 1082 710 exemplari
1138 621 1372 689 Graeco
1442 623 1799 689 confectam.
1889 620 2114 688 Textus
2182 624 2389 686 autem
2456 616 2726 684 Graecus

611 729 1022 812 fragmentum
1065 733 1181 812 est,
1229 727 1392 815 quod
1436 728 1589 794 duas
1621 730 1917 815 septimas
1958 729 2171 814 partes
2201 727 2393 810 totius
2437 725 2725 790 historiae

611 837 894 902 continet.
985 834 1326 918 Quaeritur,
1385 857 1532 901 num
1576 837 1693 902 hoc
1744 835 2153 920 fragmentum
2180 854 2354 920 pars
2409 831 2724 918 archetypi

613 941 831 1008 Graeci
876 945 977 1025 sit,
1033 943 1197 1030 quod
1239 942 1482 1030 Moyses
1525 942 1875 1028 Aghelaeus
1918 943 1979 1008 in
2026 962 2369 1008 sermonem
2414 938 2729 1025 Syriacum

609 1049 814 1115 vertit.
906 1049 972 1114 Si
1012 1049 1201 1116 verba
1243 1051 1557 1136 utriusque
1586 1049 1949 1116 narrationis
1996 1046 2505 1135 comparabimus,
2549 1043 2725 1111 nobis

609 1155 922 1222 fatendum
959 1157 1094 1238 erit,
1141 1177 1512 1243 quamquam
1558 1155 1909 1240 singulatim
1952 1177 2072 1221 non
2115 1175 2349 1241 paucae
2391 1154 2723 1220 varietates

607 1266 990 1350 reperiuntur
1021 1303 1104 1314 ——·
1135 1263 1463 1331 nonnullae
1510 1265 1670 1330 enim
1716 1265 2159 1330 enuntiationes
2188 1283 2310 1328 non
2352 1261 2720 1328 verbotenus

607 1373 968 1454 congruunt,
1013 1371 1297 1455 leguntur
1340 1371 1402 1435 in
1447 1373 1621 1436 textu
1647 1369 1879 1436 Graeco
1928 1369 2241 1436 enuntiata
2286 1368 2520 1452 exigua,
2566 1388 2721 1452 quae

606 1478 669 1540 in
713 1475 960 1562 Syriaco
1016 1476 1456 1560 desiderantur,
1513 1482 1577 1544 et
1628 1477 1758 1542 vice
1816 1497 1997 1542 versa
2050 1475 2361 1561 exemplar
2408 1474 2723 1561 Syriacum

607 1581 1023 1649 additamenta
1089 1584 1355 1650 continet
1373 1634 1389 1665 ,
1481 1603 1637 1670 quae
1696 1581 2000 1650 Graecum
2067 1603 2187 1648 non
2253 1581 2510 1669 praebet
2532 1584 2580 1668 ¹)
2638 1621 2719 1629 —

607 1693 880 1756 attamen
952 1691 1015 1756 in
1087 1711 1328 1756 summa
1399 1694 1639 1757 tantam
1724 1691 2179 1756 consensionem
2252 1690 2412 1756 inter
2484 1691 2724 1756 textum

607 1795 907 1862 Graecum
954 1802 1017 1863 et
1035 1796 1351 1882 Syriacum
1399 1818 1555 1878 osse,
1612 1802 1683 1864 ut
1726 1818 1927 1862 errare
1984 1797 2157 1862 nobis
2211 1815 2329 1862 non
2383 1796 2719 1878 videamur,

606 1903 658 1968 si
711 1903 1119 1986 fragmentum
1166 1901 1468 1968 Graecum
1523 1907 1765 1989 partem
1818 1903 2133 1988 archetypi
2192 1904 2598 1991 agnoscimus3
2660 1909 2722 1970 et

604 2008 1067 2095 discrepantiae,
1099 2031 1254 2096 quas
1284 2008 1468 2074 modo
1502 2011 2133 2090 commemoravimus»,
2180 2010 2319 2075 hinc
2349 2009 2719 2097 repetendae

621 2120 784 2196 sunt,
853 2115 1014 2202 quod
1060 2115 1302 2202 Moyses
1366 2137 1486 2182 non
1530 2116 1785 2184 verbum
1838 2137 1950 2203 pro
2019 2116 2205 2183 verbo
2261 2115 2545 2199 reddidit,
2601 2115 2725 2182 'sed

603 2222 852 2288 liberius
895 2223 1227 2290 transtulit.

784 2327 1035 2411 Restat,
1082 2334 1151 2395 ut
1217 2350 1705 2412 commemorem,
1784 2330 2003 2416 quibus
2070 2331 2221 2397 locis
2266 2331 2457 2398 verba
2520 2335 2726 2398 textus

606 2435 835 2522 Syriaci
857 2438 908 2522 ²)
980 2459 1188 2504 veram
1245 2439 1609 2504 sententiam
1680 2437 1827 2504 dare
1881 2439 2029 2505 mihi
2082 2460 2201 2504 non
2257 2437 2560 2521 videntur,
2623 2461 2723 2505 me

604 2548 977 2629 potestatem
1010 2542 1370 2610 emendandi
1415 2545 1561 2610 mihi
1592 2545 1946 2631 sumpsisse.
2041 2544 2100 2610 N
2102 2546 2383 2631 onnullos
2416 2546 2582 2613 locos
2628 2547 2729 2619 vir,

606 2651 872 2736 optimus
905 2655 968 2716 et
1005 2673 1209 2718 rerum
1241 2651 1625 2718 orient-alium
1670 2651 2153 2718 studiosissimus
2182 2651 2363 2736 Hugo
2396 2652 2724 2735 Winckler,

606 2777 726 2842 quo
754 2759 1032 2844 tempore
1063 2756 1320 2825 Londini
1347 2757 1724 2840 morabatur,
1752 2780 1893 2824 mea
1924 2780 2109 2825 causa
2139 2780 2279 2825 cum
2311 2762 2724 2847 manuscripto

605 2863 879 2945 contulit,
925 2885 1036 2951 pro
1083 2886 1203 2950 quo
1251 2865 1446 2931 officio
1495 2866 1550 2932 ei
1594 2866 1895 2931 maximas
1940 2868 2169 2950 gratias
2215 2887 2350 2950 ago,
2440 2866 2566 2934 Eas
2612 2865 2721 2932 ad-

603 2970 966 3052 notationes,
1013 2993 1169 3057 quae
1202 2973 1388 3038 verba
1434 2971 1764 3038 secundum
1795 2973 1951 3039 hanc
1984 2973 2371 3040 collationem
2403 2973 2725 3042 emendata

605 3077 931 3159 continent,
977 3080 1268 3146 asterisco
1313 3080 1587 3155 instruxi.

755 3273 798 3339 ¹)
834 3273 998 3330 Pauci
1035 3275 1222 3330 autem
1257 3271 1358 3330 loci
1375 3313 1389 3340 ,
1438 3274 1530 3344 qui
1591 3273 1649 3328 in
1688 3273 1891 3332 Graeco
1950 3275 2337 3340 desiderantur,
2378 3275 2537 3333 initio
2577 3277 2728 3332 certo

610 3362 797 3430 scripti
833 3361 1074 3418 fuerunt?
1564 3367 1574 3373 “

751 3451 794 3522 ²)
832 3451 912 3506 De
937 3452 1100 3508 Anee.
1147 3453 1264 3522 Syr.
1300 3453 1342 3507 t.
1371 3449 1443 3504 111
1479 3452 1693 3506 rettulit
1728 3451 1788 3507 Ε.
1816 3452 2025 3508 Sachau
2063 3453 2118 3506 in
2160 3453 2539 3522 Ephemeride,
2576 3471 2715 3524 quae

603 3537 761 3605 „The
800 3541 1110 3612 Academy“
1145 3542 1369 3597 vocatur
1406 3540 1528 3611 [No.
1568 3546 1633 3595 25
1670 3539 1793 3595 Kal.
1830 3540 1953 3596 Jun.
2000 3542 2171 3611 1871.]
2576 3536 2586 3541 ’
2774 3560 2779 3565 ’

1452 3951 1869 3976 11
