3067 4984
1393 375 1833 442 „40-

523 552 864 620 collocavit
909 554 972 618 et
1017 573 1266 618 manum
1315 573 1492 618 suam
1542 573 1750 618 eorum
1797 550 2096 638 capitibus
2142 550 2433 637 imposuit
2480 553 2542 616 et
2588 551 2679 615 eis

545 658 872 743 benedixit,
942 680 1078 726 cum
1125 658 1384 729 diceret:
1478 658 1713 742 „Vobis
1782 657 2100 746 benedicat
2146 657 2441 724 Dominus
2506 655 2678 722 Deus

552 767 828 834 excelsus
860 771 924 834 et
949 765 1267 834 benedicat
1291 775 1354 832 et
1383 767 1680 852 glorificet
1710 787 1822 834 vos
1855 768 1916 832 in
1948 771 2327 835 aeternum.“
2354 765 2679 848 Vertitque

550 873 790 942 Pharao
835 875 1096 940 alterum
1141 873 1222 940 ad
1268 875 1554 956 alterum,
1610 879 1673 940 et
1719 876 1876 940 inter
1904 895 1972 940 36
2004 874 2259 940 osculati
2292 879 2452 940 sunt.
2546 871 2680 949 Quo

547 983 710 1050 facto
742 979 983 1047 Pharao
1027 982 1273 1068 nuptias
1303 985 1366 1048 et
1396 991 1685 1066 magnam
1730 1003 1943 1047 cenam
1991 987 2053 1048 et
2098 1003 2389 1066 magnum
2434 984 2677 1066 septem

543 1088 778 1156 dierum
833 1091 1176 1157 convivium
1245 1091 1502 1178 paravit
1558 1093 1621 1155 et
1666 1110 1879 1155 omnes
1925 1094 2247 1174 magnates
2294 1089 2565 1175 Aegypti
2610 1091 2681 1154 et

542 1217 754 1263 omnes
799 1218 976 1282 reges
999 1197 1367 1285 populorum
1399 1199 1646 1266 vocavit
1678 1202 1740 1263 et
1770 1219 1882 1283 per
1927 1201 2125 1272 totam
2156 1197 2511 1284 Aegyptum
2542 1199 2669 1262 ter-

534 1325 668 1374 ram
697 1305 1102 1393 proclamavit
1132 1308 1297 1372 omni
1325 1306 1575 1388 homini,
1600 1306 1702 1392 qui
1744 1326 1897 1393 opus
1918 1309 2158 1393 septem
2190 1304 2404 1371 diebus
2426 1306 2672 1394 nuptia-

547 1434 683 1478 rum
717 1411 972 1499 Josephi
996 1417 1182 1499 atque
1212 1412 1565 1480 Asenethae
1589 1414 1839 1495 faceret,
1864 1411 2245 1480 moriendum
2269 1433 2424 1480 esse.
2446 1411 2677 1478 Postea

543 1520 632 1606 [p.
687 1521 800 1607 38]
845 1519 1078 1608 Joseph
1135 1518 1214 1586 ad
1259 1520 1640 1588 Asenetham
1697 1523 2005 1606 ingressus
2052 1528 2146 1590 est
2164 1525 2235 1608 ι),
2284 1527 2347 1588 et
2400 1521 2677 1588 Aseneth

540 1648 580 1695 a
621 1625 892 1714 Josepho
939 1629 1214 1716 concepit
1275 1632 1338 1694 et
1411 1626 1737 1696 Manassen
1784 1634 1847 1695 et
1891 1634 2035 1717 post
2078 1629 2236 1694 huno
2280 1627 2571 1715 Ephraim
2618 1628 2681 1693 in

537 1731 720 1804 domo
764 1733 1022 1821 Josephi
1065 1735 1325 1822 peperit.

713 1839 998 1927 Hymnus
1053 1862 1126 1908 ac
1181 1841 1511 1909 celebratio
1558 1842 1910 1910 Asenethae
1965 1845 2026 1910 in
2073 1843 2271 1912 Deum
2328 1843 2665 1910 excelsum:

535 1945 840 2032 „Peccavi
893 1968 1098 2014 coram
1141 1952 1227 2032 te,
1296 1947 1556 2016 Domine
1577 2001 1595 2033 ,
1662 1950 1947 2034 multum,
2017 1973 2130 2036 ego
2174 1951 2473 2034 Aseneth,
2541 1951 2670 2017 filia

533 2053 908 2143 Putipharis,
964 2055 1300 2124 sacerdotis
1343 2056 1713 2146 Heliopolis,
1768 2058 1936 2125 urbis
1980 2059 2149 2142 soliS,
2205 2060 2309 2144 qui
2352 2061 2414 2124 in
2460 2060 2665 2125 omnia

529 2163 794 2251 inspicit.
884 2161 1142 2232 Peccavi
1188 2169 1252 2232 et
1289 2167 1456 2232 mala
1502 2187 1710 2238 coram
1740 2171 1805 2234 te
1849 2167 1986 2234 feci.
2081 2167 2174 2232 Ac
2219 2167 2551 2254 tranquilla
2600 2169 2662 2232 in

535 2269 718 2348 domo
750 2272 943 2358 patris
989 2272 1111 2338 mei
1139 2273 1248 2356 fui,
1295 2272 1406 2340 sed
1451 2273 1720 2360 superba
1750 2274 2055 2360 elataque.
2147 2272 2406 2342 Peccavi
2452 2295 2661 2340 coram

527 2381 591 2444 te
637 2382 701 2444 et
754 2377 904 2445 deos
949 2380 1422 2448 innumerabiles
1475 2382 1653 2448 timui
1700 2386 1763 2448 et
1816 2382 1893 2448 ab
1942 2403 2155 2448 eorum
2210 2382 2518 2448 sacrificiis
2564 2381 2666 2448 edi

529 2490 592 2552 et
620 2485 699 2552 ab
731 2507 944 2553 eorum
973 2487 1366 2555 libaminibus
1395 2491 1610 2577 potavi
1638 2510 1837 2576 neque
1866 2487 2219 2574 Dominum,
2252 2487 2454 2556 Deum
2484 2489 2661 2572 caeli,

529 2613 935 2678 cognoveram
978 2617 1176 2683 neque
1207 2595 1464 2664 Excelso
1495 2597 1637 2664 vivo
1684 2597 1945 2664 confisus
1978 2619 2167 2680 eram,
2215 2597 2326 2664 sed
2355 2599 2418 2662 in
2464 2598 2658 2682 gloria

532 2700 884 2780 divitiarum
948 2724 1225 2770 mearum
1283 2707 1348 2770 et
1413 2703 1863 2794 pulchritudine
1919 2727 2061 2772 mea
2126 2704 2410 2772 fiduciam
2455 2725 2661 2770 meam

525 2827 875 2895 posueram,
933 2813 996 2875 et
1041 2810 1308 2897 superba
1363 2815 1550 2896 atque
1597 2810 1760 2878 elata
1815 2811 1905 2876 fui
1949 2816 2012 2878 et
2066 2832 2310 2878 omnem
2355 2812 2549 2880 virum
2595 2812 2657 2875 in

527 2921 859 3003 conspectu
913 2938 1052 2983 meo
1099 2938 1348 3004 eosque,
1403 2917 1510 3004 qui
1556 2939 1655 2984 me
1710 2918 2027 3006 petebant,
2084 2919 2308 3006 sprevi.
2398 2917 2662 2985 Peccavi

527 3042 734 3090 coram
788 3029 872 3106 te,
927 3021 1212 3108 Domine,
1281 3023 1547 3090 multum
1601 3030 1665 3091 et
1718 3025 1960 3110 garrule
2016 3024 2096 3091 ad
2150 3029 2217 3092 te
2272 3027 2335 3091 in
2386 3027 2660 3093 vanitate

523 3128 729 3196 locuta
759 3153 898 3198 sum
941 3133 1004 3198 in
1035 3132 1301 3220 superba
1330 3154 1471 3198 mea
1501 3131 1709 3199 dicens
1752 3133 1992 3200 nullum
2032 3134 2370 3221 principem
2398 3135 2461 3198 in
2490 3137 2660 3199 terra

526 3259 684 3322 esse,
717 3240 821 3323 qui
865 3261 965 3306 me
995 3239 1411 3327 pudefaceret,
1455 3238 1566 3306 sed
1610 3261 1711 3306 me
1743 3261 2035 3328 sponsam
2080 3240 2187 3306 filii
2217 3241 2465 3308 maximi
2508 3242 2659 3304 natu

521 3346 684 3429 regis
728 3345 1004 3434 Aepypti
1057 3347 1210 3430 fore,
1271 3345 1420 3412 dum
1462 3346 1720 3434 Joseph,
1776 3347 1954 3414 fortis
1998 3345 2135 3431 Dei,
2193 3348 2448 3416 veniret.
2540 3346 2661 3425 Qui

517 3473 565 3518 a
607 3453 775 3520 fastu
829 3459 1014 3540 atque
1061 3454 1349 3542 superbia
1403 3475 1547 3521 mea
1599 3476 1699 3521 me
1757 3453 2023 3521 detraxit
2068 3459 2133 3521 et
2186 3476 2285 3521 me
2338 3476 2378 3520 a
2435 3453 2667 3522 viribus

524 3561 680 3628 meis
726 3559 1068 3630 debilitavit
1116 3568 1180 3630 et
1220 3561 1771 3652 pulchritudinibus
1828 3565 1955 3630 suis
2000 3585 2099 3630 me
2146 3567 2405 3632 venatus
2453 3568 2549 3629 est
2586 3568 2660 3629 -et

525 3668 827 3756 sapientia
881 3691 995 3736 sua
1038 3692 1139 3738 me
1196 3671 1466 3758 captavit
1521 3675 1593 3737 ut
1649 3671 1885 3758 piscem
1930 3671 2112 3737 hamo
2170 3674 2232 3736 et
2276 3671 2493 3759 spiritu
2547 3690 2661 3736 suo

519 3796 622 3852 me
690 3776 858 3844 vitae
911 3777 1167 3845 subiecit
1211 3783 1396 3865 atque
1441 3777 1663 3846 robore
1726 3798 1837 3844 suo
1903 3800 2003 3844 me
2048 3777 2361 3848 roboravit
2422 3782 2491 3844 et
2558 3799 2663 3843 me

521 3882 604 3950 ad
647 3881 848 3950 Deum
895 3883 1166 3954 admovit
1187 3887 1274 3971 ²),
1346 3890 1531 3974 caput
1577 3891 1640 3954 et-
1706 3885 2019 3976 dominum
2086 3885 2471 3954 mundorum.
2565 3891 2665 3951 Ac

678 4080 720 4148 ¹)
757 4081 892 4140 Gen.
929 4080 1018 4148 30,
1037 4084 1197 4141 4—5.
1236 4081 1331 4155 38,
1350 4080 1511 4140 2-3.

683 4207 727 4280 ¹)
763 4209 883 4280 lege
955 4214 1274 4292 ..fimi-00
