3067 4984
1173 473 1615 536 „43-

331 651 650 718 haesitatis
702 650 1212 735 remoraminique
1271 651 1454 734 atque
1510 649 1668 714 hanc
1721 671 1851 714 rem
1904 647 2259 734 repudiatiS,
2318 670 2459 716 ecce

327 760 478 826 haec
545 759 706 824 acies
760 758 978 824 hastae
1043 779 1217 822 meae
1273 759 1335 822 in
1403 778 1514 824 vos
1562 763 1657 823 est
1730 739 2009 822 strictass‘
2104 756 2270 835 Quae
2318 778 2454 822 cum

325 865 575 947 diceret,
643 865 886 930 hastam
943 887 1118 930 suam
1187 887 1217 930 s
1235 864 1526 952 plendere
1582 866 1727 931 fecit
1794 869 1857 930 et
1910 866 2102 932 aciem
2172 864 2455 930 ostendit.

325 973 422 1039 Ac
466 973 580 1040 viri
625 973 870 1038 Simeon
917 978 980 1038 et
1023 971 1170 1038 Levi
1195 975 1260 1058 ¹)
1328 972 1429 1037 ubi
1478 993 1552 1037 ea
1598 971 1979 1054 audiverunt,
2028 994 2182 1059 quae
2227 972 2459 1038 Phara-

332 1082 464 1148 onis
533 1085 682 1146 natu
726 1079 1034 1145 maximus
1102 1078 1414 1145 rebelliter
1469 1079 1729 1161 dixerat,
1798 1079 2191 1146 vehementer
2245 1080 2456 1144 obstu-

323 1193 610 1277 puerunt3
665 1193 727 1254 et
758 1187 1000 1254 Simeon
1035 1186 1241 1251 audax
1273 1191 1408 1252 erat
1453 1191 1639 1272 atque
1669 1186 1995 1252 iracundus
2043 1191 2107 1252 et
2138 1187 2458 1252 consilium

327 1296 510 1382 cepit,
565 1297 636 1360 ut
680 1295 892 1360 statim
937 1291 1207 1378 gladium
1265 1315 1444 1358 suum
1491 1295 1817 1377 stringeret
1869 1315 1941 1359 ac
1986 1295 2459 1380 primogenitum

327 1401 664 1472 Pharaonis
710 1401 1031 1483 occideret,
1101 1401 1264 1487 quod
1314 1401 1461 1466 dure
1533 1405 1597 1466 et
1645 1400 1937 1466 audacter
2006 1384 2275 1466 locutus·
2306 1403 2475 1466 erat.'

332 1509 482 1578 Levi
535 1514 762 1592 autem,
833 1529 973 1574 curn
1027 1511 1324 1575 rationem
1391 1510 1617 1574 mentis
1665 1508 1964 1574 Simeonis
2032 1507 2459 1593 intellexisset,

330 1617 616 1704 quoniam
639 1616 942 1704 propheta
987 1622 1120 1682 erat
1145 1621 1206 1682 et
1229 1621 1424 1697 vateS‚
1459 1620 1523 1682 et
1546 1616 1703 1682 oculi
1730 1618 1857 1681 eius
1906 1617 2106 1710 aperti
2154 1619 2348 1696 erant,
2394 1617 2458 1679 in

327 1724 626 1790 Simeonis
673 1723 894 1812 pedem
943 1723 1203 1790 calcavit
1249 1729 1312 1789 et
1359 1725 1413 1789 ei
1461 1723 1840 1806 significavit,
1904 1727 1972 1788 ut
2018 1723 2228 1788 sileret
2274 1727 2337 1787 et
2381 1722 2459 1787 ab

325 1832 418 1896 ira
471 1853 596 1900 sua.
637 1831 1121 1917 conquiesceret3
1197 1830 1474 1914 dixitque
1530 1830 1611 1895 ad
1656 1829 2003 1896 Simeonem
2059 1831 2223 1895 inter
2276 1851 2342 1895 se
2399 1833 2463 1895 et

332 1960 502 2005 eumz
596 1936 762 2021 „Gur
815 1939 1008 2004 iratus
1079 1941 1142 2002 et
1188 1937 1511 2004 iracundus
1582 1959 1647 2003 es
1702 1937 1779 2004 de
1834 1938 1949 2003 hoc
1994 1936 2165 2003 viro?
2234 1958 2306 2002 ac
2352 1957 2461 2002 nos

331 2047 532 2114 Deum
560 2069 846 2116 veremur
888 2067 1084 2132 neque
1116 2046 1346 2111 malum
1369 2047 1418 2132 ²)
1464 2066 1578 2132 pro
1632 2044 1795 2110 malo
1841 2043 2095 2116 reddere
2128 2043 2463 2108 solemus.“

336 2155 630 2242 Dixitque
673 2154 820 2221 Levi
891 2154 1018 2219 filio
1062 2153 1398 2218 Pharaonis
1466 2152 1676 2239 palam
1731 2156 1795 2217 et
1862 2152 1991 2216 sine
2044 2151 2137 2214 ira
2184 2149 2463 2236 placide:

337 2263 580 2346 „Quare
648 2264 734 2330 sic
779 2262 1048 2348 loquitur
1069 2263 1118 2347 ³)
1180 2259 1460 2326 dominus
1507 2264 1717 2325 noster
1772 2257 1851 2324 ad
1896 2279 2009 2323 nos
2053 2259 2218 2324 viros
2264 2255 2465 2322 Deum

337 2368 650 2436 colentes?
706 2373 770 2436 et
792 2372 970 2455 pater
1014 2371 1223 2432 noster
1267 2367 1647 2453 propinquus
1696 2372 1758 2432 et
1812 2387 1989 2432 carus
2035 2365 2299 2431 Excelso
2347 2369 2462 2446 est,

335 2481 400 2544 et
442 2476 672 2564 Joseph
718 2477 908 2542 frater
953 2481 1162 2542 noster
1217 2479 1312 2540 est
1354 2479 1677 2560 tamquam
1726 2472 1884 2538 filius
1930 2471 2045 2538 Dei
2102 2476 2289 2557 atque
2336 2473 2465 2537 eius

339 2589 488 2651 natu
535 2584 862 2664 maximus3
936 2603 1009 2648 ac
1063 2581 1368 2666 quomodo
1423 2582 1539 2647 hoc
1596 2580 1830 2644 malum
1884 2580 2085 2645 facere
2137 2599 2469 2665 possumus

345 2697 410 2758 et
437 2710 692 2778 peccare
705 2691 762 2778 ⁴)
807 2690 871 2755 in
899 2687 1099 2754 Deum
1148 2693 1211 2755 et
1257 2709 1462 2754 coram
1505 2689 1593 2774 [p.
1629 2689 1741 2772 41]
1790 2685 1985 2751 Israel
2030 2689 2205 2772 patre
2258 2691 2465 2752 nostro

342 2803 407 2866 et
434 2797 704 2884 Josepho
734 2796 943 2862 fratre.
1037 2795 1244 2882 Atque
1274 2815 1434 2860 nunc
1465 2794 1654 2862 verba
1684 2815 1825 2859 mea
1856 2793 2026 2858 audi:
2118 2793 2258 2858 Non
2291 2793 2468 2860 decet

335 2905 532 2971 ullum
599 2906 797 2971 virum
850 2901 1050 2969 Deum
1107 2903 1407 2968 colentem
1475 2902 1671 2966 ullum
1726 2902 2034 2966 hominem
2102 2900 2229 2967 ullo
2284 2899 2467 2966 modo

345 3012 590 3079 laedere
645 3019 866 3094 neque,
915 3011 967 3076 si
998 3011 1134 3094 quis
1187 3011 1340 3092 vim,
1388 3010 1491 3093 qui
1538 3032 1575 3074 a
1619 3007 1751 3074 Deo
1797 3008 1994 3090 timet,
2052 3008 2264 3090 obfuit,
2310 3009 2470 3073 hunc

338 3118 542 3203 gladio
590 3118 651 3183 in
695 3139 882 3183 manu
929 3138 1040 3182 sua
1084 3137 1198 3202 per
1245 3116 1541 3181 ultionem
1586 3114 1896 3180 vindicata
1941 3115 2160 3180 facere·
2255 3114 2464 3198 Atque

341 3247 512 3309 cave,
581 3247 658 3292 ne
711 3226 769 3290 in
819 3223 1155 3311 Josephum
1209 3223 1463 3288 fratrem
1515 3227 1798 3288 nostrum
1865 3224 2015 3287 haec
2070 3223 2322 3306 cogiteS,
2391 3243 2469 3286 ne

348 3335 480 3401 acie
553 3333 892 3414 hastarum,
970 3353 1126 3415 quae
1192 3333 1253 3396 in
1327 3330 1608 3396 manibus
1683 3331 1911 3396 nostris
1980 3333 2143 3411 sunt,
2222 3327 2470 3394 cadas.“

347 3441 430 3508 Et
473 3441 646 3514 acies
681 3460 824 3505 suas
872 3437 1269 3504 ostenderunt
1315 3437 1744 3524 dixeruntque:
1824 3435 2055 3520 „Vides
2101 3436 2213 3501 has
2258 3435 2471 3501 hastas

348 3552 588 3630 acutas;
666 3548 760 3613 his
809 3545 1046 3612 duobus
1098 3544 1316 3630 gladiis
1385 3565 1498 3632 pro
1570 3545 1899 3629 ignominia
1951 3543 2176 3626 Dinae‚
2246 3543 2469 3609 sororis

349 3660 617 3739 nostrae,
673 3654 974 3722 Sichimos
1043 3653 1159 3719 ulti
1205 3659 1478 3719 sumus.“
1574 3653 1883 3736 Filiusque
1937 3651 2272 3717 Pharaonis
2328 3671 2470 3716 con-

354 3765 624 3852 spicatus
657 3759 835 3830 valde
867 3760 1071 3826 timuit
1101 3765 1163 3828 et
1209 3763 1531 3827 exterritus
1563 3764 1815 3848 propter
1858 3762 2093 3828 metum
2138 3759 2199 3824 in
2243 3761 2474 3824 terram

353 3875 498 3938 ante
543 3869 734 3958 pedes
791 3865 1090 3933 Simeonis
1153 3874 1215 3934 et
1273 3867 1420 3937 Levi
1474 3867 1689 3958 lapsus
1747 3869 1861 3933 est.
1909 3911 1914 3916 -
1953 3865 2035 3931 Et
2088 3863 2237 3942 Levi
2290 3884 2474 3930 manu

494 3995 540 4064 ι)
575 3997 698 4065 lege
777 3979 971 4052 ιὼῦ

453 4163 460 4168 .
499 4106 544 4175 ²)
580 4105 736 4160 Rom.
779 4102 970 4174 12,17.
1009 4100 1033 4158 Ι
1068 4099 1254 4160 Thess.
1292 4099 1454 4166 5,15.

500 4195 544 4263 ³)
579 4194 714 4251 Gen.
752 4195 840 4258 44,
867 4195 920 4250 7.

501 4285 546 4350 ⁴)
581 4283 700 4354 lege
774 4289 954 4382 μω
