<?xml version="1.0" encoding="UTF-8"?>
<!DOCTYPE html PUBLIC "-//W3C//DTD XHTML 1.0 Transitional//EN"
    "http://www.w3.org/TR/xhtml1/DTD/xhtml1-transitional.dtd">
<html xmlns="http://www.w3.org/1999/xhtml" xml:lang="en" lang="en">
 <head>
  <title>
</title>
<meta http-equiv="Content-Type" content="text/html;charset=utf-8" />
  <meta name='ocr-system' content='tesseract 3.04.00' />
  <meta name='ocr-capabilities' content='ocr_page ocr_carea ocr_par ocr_line ocrx_word'/>
</head>
<body>
  <div class='ocr_page' id='page_1' title='image "./fabulajosephiet00oppegoog_0015.png"; bbox 0 0 3067 4984; ppageno 0'>
   <div class='ocr_carea' id='block_1_1' title="bbox 1233 445 1668 516">
    <p class='ocr_par' dir='ltr' id='par_1_1' title="bbox 1233 445 1668 516">
     <span class='ocr_line' id='line_1_1' title="bbox 1233 445 1668 516; baseline -0.005 -17"><span class='ocrx_word' id='word_1_1' title='bbox 1233 479 1316 499; x_wconf 72' lang='lat'>..-</span> <span class='ocrx_word' id='word_1_2' title='bbox 1408 445 1668 516; x_wconf 74' lang='grc'>9’·,..</span> 
     </span>
    </p>
   </div>
   <div class='ocr_carea' id='block_1_2' title="bbox 369 611 2487 1140">
    <p class='ocr_par' dir='ltr' id='par_1_2' title="bbox 369 611 2487 1140">
     <span class='ocr_line' id='line_1_2' title="bbox 375 611 2485 714; baseline 0.002 -26"><span class='ocrx_word' id='word_1_3' title='bbox 375 623 540 711; x_wconf 85' lang='lat' dir='ltr'>quod</span> <span class='ocrx_word' id='word_1_4' title='bbox 567 611 710 710; x_wconf 76' lang='lat' dir='ltr'>pro!</span> <span class='ocrx_word' id='word_1_5' title='bbox 755 615 873 690; x_wconf 81' lang='lat' dir='ltr'>non</span> <span class='ocrx_word' id='word_1_6' title='bbox 919 627 1222 707; x_wconf 85' lang='lat' dir='ltr'>integrum</span> <span class='ocrx_word' id='word_1_7' title='bbox 1254 621 1681 693; x_wconf 83' lang='lat' dir='ltr'>conservatum</span> <span class='ocrx_word' id='word_1_8' title='bbox 1724 631 1845 708; x_wconf 89' lang='lat' dir='ltr'>est;</span> <span class='ocrx_word' id='word_1_9' title='bbox 1898 647 2041 692; x_wconf 83' lang='lat' dir='ltr'>nam</span> <span class='ocrx_word' id='word_1_10' title='bbox 2070 646 2227 714; x_wconf 90' lang='lat' dir='ltr'>pone</span> <span class='ocrx_word' id='word_1_11' title='bbox 2272 626 2485 692; x_wconf 85' lang='lat' dir='ltr'>folium</span> 
     </span>
     <span class='ocr_line' id='line_1_3' title="bbox 373 730 2485 819; baseline 0.002 -24"><span class='ocrx_word' id='word_1_12' title='bbox 373 752 608 796; x_wconf 87' lang='lat' dir='ltr'>nonum</span> <span class='ocrx_word' id='word_1_13' title='bbox 667 732 843 796; x_wconf 88' lang='lat' dir='ltr'>huius</span> <span class='ocrx_word' id='word_1_14' title='bbox 910 730 1132 798; x_wconf 89' lang='lat' dir='ltr'>codicis</span> <span class='ocrx_word' id='word_1_15' title='bbox 1201 732 1411 799; x_wconf 87' lang='lat' dir='ltr'>folium</span> <span class='ocrx_word' id='word_1_16' title='bbox 1434 751 1456 770; x_wconf 23' lang='grc' dir='ltr'>’κ</span> <span class='ocrx_word' id='word_1_17' title='bbox 1483 754 1667 798; x_wconf 84' lang='lat' dir='ltr'>unum</span> <span class='ocrx_word' id='word_1_18' title='bbox 1736 739 1897 800; x_wconf 85' lang='lat' dir='ltr'>certe</span> <span class='ocrx_word' id='word_1_19' title='bbox 1965 733 2157 800; x_wconf 87' lang='lat' dir='ltr'>deest.</span> <span class='ocrx_word' id='word_1_20' title='bbox 2176 735 2228 819; x_wconf 86' lang='lat'>²)</span> <span class='ocrx_word' id='word_1_21' title='bbox 2334 731 2485 800; x_wconf 88' lang='lat' dir='ltr'>Post</span> 
     </span>
     <span class='ocr_line' id='line_1_4' title="bbox 374 838 2487 925; baseline 0.002 -23"><span class='ocrx_word' id='word_1_22' title='bbox 374 838 624 922; x_wconf 85' lang='lat' dir='ltr'>longum</span> <span class='ocrx_word' id='word_1_23' title='bbox 671 838 1003 920; x_wconf 81' lang='lat' dir='ltr'>exordium,</span> <span class='ocrx_word' id='word_1_24' title='bbox 1075 839 1238 925; x_wconf 87' lang='lat' dir='ltr'>quod</span> <span class='ocrx_word' id='word_1_25' title='bbox 1297 846 1508 906; x_wconf 88' lang='lat' dir='ltr'>nostra</span> <span class='ocrx_word' id='word_1_26' title='bbox 1573 843 1633 906; x_wconf 91' lang='lat' dir='ltr'>in</span> <span class='ocrx_word' id='word_1_27' title='bbox 1679 861 1865 907; x_wconf 84' lang='lat' dir='ltr'>causa</span> <span class='ocrx_word' id='word_1_28' title='bbox 1918 841 2141 910; x_wconf 90' lang='lat' dir='ltr'>nullius</span> <span class='ocrx_word' id='word_1_29' title='bbox 2194 843 2487 907; x_wconf 80' lang='lat' dir='ltr'><strong>momenti</strong></span> 
     </span>
     <span class='ocr_line' id='line_1_5' title="bbox 374 944 2485 1034; baseline 0.001 -24"><span class='ocrx_word' id='word_1_30' title='bbox 374 951 491 1026; x_wconf 90' lang='lat' dir='ltr'>est,</span> <span class='ocrx_word' id='word_1_31' title='bbox 549 945 810 1032; x_wconf 81' lang='lat' dir='ltr'>epistola</span> <span class='ocrx_word' id='word_1_32' title='bbox 839 944 1086 1027; x_wconf 86' lang='lat' dir='ltr'>desinit3</span> <span class='ocrx_word' id='word_1_33' title='bbox 1148 945 1209 1012; x_wconf 89' lang='lat' dir='ltr'>id</span> <span class='ocrx_word' id='word_1_34' title='bbox 1233 969 1420 1012; x_wconf 90' lang='lat' dir='ltr'>unum</span> <span class='ocrx_word' id='word_1_35' title='bbox 1475 950 1899 1034; x_wconf 83' lang='lat' dir='ltr'>comperimuS‚</span> <span class='ocrx_word' id='word_1_36' title='bbox 1946 947 2218 1034; x_wconf 88' lang='lat' dir='ltr'>Moysem</span> <span class='ocrx_word' id='word_1_37' title='bbox 2272 969 2401 1014; x_wconf 90' lang='lat' dir='ltr'>rem</span> <span class='ocrx_word' id='word_1_38' title='bbox 2447 969 2485 1012; x_wconf 94' lang='lat' dir='ltr'>a</span> 
     </span>
     <span class='ocr_line' id='line_1_6' title="bbox 369 1053 2133 1140; baseline 0.002 -23"><span class='ocrx_word' id='word_1_39' title='bbox 369 1073 435 1117; x_wconf 91' lang='lat' dir='ltr'>se</span> <span class='ocrx_word' id='word_1_40' title='bbox 483 1053 738 1138; x_wconf 89' lang='lat' dir='ltr'>petitam</span> <span class='ocrx_word' id='word_1_41' title='bbox 787 1053 1032 1140; x_wconf 84' lang='lat' dir='ltr'>explere</span> <span class='ocrx_word' id='word_1_42' title='bbox 1079 1055 1437 1140; x_wconf 81' lang='lat' dir='ltr'><strong>suscepisse.</strong></span> <span class='ocrx_word' id='word_1_43' title='bbox 2122 1071 2133 1082; x_wconf 91' lang='lat'><em>·</em></span> 
     </span>
    </p>
   </div>
   <div class='ocr_carea' id='block_1_3' title="bbox 337 1192 2504 3958">
    <p class='ocr_par' dir='ltr' id='par_1_3' title="bbox 337 1192 2504 3958">
     <span class='ocr_line' id='line_1_7' title="bbox 547 1192 2483 1286; baseline 0.001 -24"><span class='ocrx_word' id='word_1_44' title='bbox 547 1197 584 1280; x_wconf 69' lang='grc' dir='ltr'>ξ</span> <span class='ocrx_word' id='word_1_45' title='bbox 629 1197 689 1262; x_wconf 87' lang='lat'>5.</span> <span class='ocrx_word' id='word_1_46' title='bbox 737 1192 830 1262; x_wconf 92' lang='lat' dir='ltr'>De</span> <span class='ocrx_word' id='word_1_47' title='bbox 875 1195 1102 1282; x_wconf 84' lang='lat' dir='ltr'>Moysis</span> <span class='ocrx_word' id='word_1_48' title='bbox 1147 1193 1446 1279; x_wconf 89' lang='lat' dir='ltr'>Aghelaei</span> <span class='ocrx_word' id='word_1_49' title='bbox 1493 1199 1621 1265; x_wconf 85' lang='lat' dir='ltr'>vita</span> <span class='ocrx_word' id='word_1_50' title='bbox 1665 1198 2027 1286; x_wconf 77' lang='lat' dir='ltr'>scriptisque</span> <span class='ocrx_word' id='word_1_51' title='bbox 2073 1219 2269 1285; x_wconf 88' lang='lat' dir='ltr'>pauca</span> <span class='ocrx_word' id='word_1_52' title='bbox 2310 1198 2483 1264; x_wconf 91' lang='lat' dir='ltr'>nobis</span> 
     </span>
     <span class='ocr_line' id='line_1_8' title="bbox 363 1300 2482 1371; baseline 0.001 -3"><span class='ocrx_word' id='word_1_53' title='bbox 363 1300 592 1368; x_wconf 88' lang='lat' dir='ltr'>tradita</span> <span class='ocrx_word' id='word_1_54' title='bbox 646 1307 806 1370; x_wconf 90' lang='lat' dir='ltr'>sunt.</span> <span class='ocrx_word' id='word_1_55' title='bbox 897 1303 1274 1370; x_wconf 85' lang='lat' dir='ltr'>Assemanus</span> <span class='ocrx_word' id='word_1_56' title='bbox 1329 1305 1495 1370; x_wconf 90' lang='lat' dir='ltr'>solus</span> <span class='ocrx_word' id='word_1_57' title='bbox 1540 1305 1602 1368; x_wconf 89' lang='lat' dir='ltr'>in</span> <span class='ocrx_word' id='word_1_58' title='bbox 1648 1303 2024 1370; x_wconf 78' lang='lat' dir='ltr'>Bibliotheca</span> <span class='ocrx_word' id='word_1_59' title='bbox 2085 1303 2377 1371; x_wconf 82' lang='lat' dir='ltr'>Orientali</span> <span class='ocrx_word' id='word_1_60' title='bbox 2418 1305 2482 1370; x_wconf 92' lang='lat' dir='ltr'>II</span> 
     </span>
     <span class='ocr_line' id='line_1_9' title="bbox 368 1406 2481 1504; baseline 0.002 -29"><span class='ocrx_word' id='word_1_61' title='bbox 368 1432 431 1497; x_wconf 90' lang='lat' dir='ltr'>p.</span> <span class='ocrx_word' id='word_1_62' title='bbox 481 1414 562 1478; x_wconf 77' lang='lat'>82</span> <span class='ocrx_word' id='word_1_63' title='bbox 620 1409 696 1476; x_wconf 89' lang='lat' dir='ltr'>de</span> <span class='ocrx_word' id='word_1_64' title='bbox 754 1431 825 1477; x_wconf 90' lang='lat' dir='ltr'>eo</span> <span class='ocrx_word' id='word_1_65' title='bbox 883 1411 1184 1498; x_wconf 84' lang='lat' dir='ltr'>disputat:</span> <span class='ocrx_word' id='word_1_66' title='bbox 1283 1412 1572 1500; x_wconf 86' lang='lat' dir='ltr'>„Moyses</span> <span class='ocrx_word' id='word_1_67' title='bbox 1628 1435 1699 1480; x_wconf 85' lang='lat' dir='ltr'>ex</span> <span class='ocrx_word' id='word_1_68' title='bbox 1754 1413 1955 1498; x_wconf 86' lang='lat' dir='ltr'>Aghel</span> <span class='ocrx_word' id='word_1_69' title='bbox 2009 1406 2481 1504; x_wconf 74' lang='lat' dir='ltr'>Mesopotamiae</span> 
     </span>
     <span class='ocr_line' id='line_1_10' title="bbox 365 1507 2481 1605; baseline 0.001 -23"><span class='ocrx_word' id='word_1_70' title='bbox 365 1517 588 1605; x_wconf 87' lang='lat' dir='ltr'>oppido</span> <span class='ocrx_word' id='word_1_71' title='bbox 632 1518 921 1585; x_wconf 85' lang='lat' dir='ltr'>oriundus</span> <span class='ocrx_word' id='word_1_72' title='bbox 968 1518 1184 1586; x_wconf 86' lang='lat' dir='ltr'>claruit</span> <span class='ocrx_word' id='word_1_73' title='bbox 1229 1521 1387 1586; x_wconf 84' lang='lat' dir='ltr'>circa</span> <span class='ocrx_word' id='word_1_74' title='bbox 1431 1542 1659 1586; x_wconf 89' lang='lat' dir='ltr'>annum</span> <span class='ocrx_word' id='word_1_75' title='bbox 1701 1507 1926 1586; x_wconf 75' lang='lat' dir='ltr'>Christi</span> <span class='ocrx_word' id='word_1_76' title='bbox 1976 1523 2119 1587; x_wconf 87' lang='grc'>550.</span> <span class='ocrx_word' id='word_1_77' title='bbox 2214 1519 2481 1587; x_wconf 89' lang='lat' dir='ltr'>Hortatu</span> 
     </span>
     <span class='ocr_line' id='line_1_11' title="bbox 357 1622 2479 1713; baseline 0.001 -25"><span class='ocrx_word' id='word_1_78' title='bbox 357 1622 688 1711; x_wconf 87' lang='lat' dir='ltr'>Paphnutii</span> <span class='ocrx_word' id='word_1_79' title='bbox 719 1623 835 1690; x_wconf 85' lang='lat' dir='ltr'>Gla</span> <span class='ocrx_word' id='word_1_80' title='bbox 839 1626 1037 1712; x_wconf 87' lang='lat' dir='ltr'>phyra</span> <span class='ocrx_word' id='word_1_81' title='bbox 1067 1624 1130 1690; x_wconf 89' lang='lat' dir='ltr'>S.</span> <span class='ocrx_word' id='word_1_82' title='bbox 1165 1623 1379 1712; x_wconf 87' lang='lat' dir='ltr'>Cyrilli</span> <span class='ocrx_word' id='word_1_83' title='bbox 1409 1625 1806 1693; x_wconf 86' lang='lat' dir='ltr'>Alexandrini</span> <span class='ocrx_word' id='word_1_84' title='bbox 1838 1649 1871 1694; x_wconf 91' lang='lat' dir='ltr'>e</span> <span class='ocrx_word' id='word_1_85' title='bbox 1904 1625 2136 1694; x_wconf 86' lang='lat' dir='ltr'>Graeco</span> <span class='ocrx_word' id='word_1_86' title='bbox 2180 1627 2245 1691; x_wconf 88' lang='lat' dir='ltr'>in</span> <span class='ocrx_word' id='word_1_87' title='bbox 2274 1626 2479 1713; x_wconf 78' lang='lat' dir='ltr'>Syria·-</span> 
     </span>
     <span class='ocr_line' id='line_1_12' title="bbox 363 1732 2481 1820; baseline 0.001 -24"><span class='ocrx_word' id='word_1_88' title='bbox 363 1750 505 1797; x_wconf 87' lang='lat' dir='ltr'>cum</span> <span class='ocrx_word' id='word_1_89' title='bbox 533 1732 852 1814; x_wconf 85' lang='lat' dir='ltr'>convertit,</span> <span class='ocrx_word' id='word_1_90' title='bbox 901 1735 1157 1818; x_wconf 81' lang='lat' dir='ltr'>querum</span> <span class='ocrx_word' id='word_1_91' title='bbox 1189 1733 1395 1819; x_wconf 86' lang='lat' dir='ltr'>priora</span> <span class='ocrx_word' id='word_1_92' title='bbox 1439 1734 1704 1819; x_wconf 89' lang='lat' dir='ltr'>quinque</span> <span class='ocrx_word' id='word_1_93' title='bbox 1734 1732 1881 1800; x_wconf 83' lang='lat' dir='ltr'>folia</span> <span class='ocrx_word' id='word_1_94' title='bbox 1924 1733 2242 1800; x_wconf 84' lang='lat' dir='ltr'>dumtaxat</span> <span class='ocrx_word' id='word_1_95' title='bbox 2269 1754 2481 1820; x_wconf 88' lang='lat' dir='ltr'>super-</span> 
     </span>
     <span class='ocr_line' id='line_1_13' title="bbox 357 1837 2479 1926; baseline 0.001 -24"><span class='ocrx_word' id='word_1_96' title='bbox 357 1842 504 1903; x_wconf 88' lang='lat' dir='ltr'>sunt</span> <span class='ocrx_word' id='word_1_97' title='bbox 568 1839 631 1903; x_wconf 92' lang='lat' dir='ltr'>in</span> <span class='ocrx_word' id='word_1_98' title='bbox 699 1837 906 1905; x_wconf 88' lang='lat' dir='ltr'>codice</span> <span class='ocrx_word' id='word_1_99' title='bbox 976 1837 1226 1925; x_wconf 87' lang='lat' dir='ltr'>Syriaco</span> <span class='ocrx_word' id='word_1_100' title='bbox 1284 1838 1478 1906; x_wconf 84' lang='lat' dir='ltr'>Vatio.</span> <span class='ocrx_word' id='word_1_101' title='bbox 1542 1843 1674 1907; x_wconf 87' lang='lat' dir='ltr'>15a</span> <span class='ocrx_word' id='word_1_102' title='bbox 1736 1839 1842 1906; x_wconf 87' lang='lat' dir='ltr'>fol.</span> <span class='ocrx_word' id='word_1_103' title='bbox 1903 1841 2058 1906; x_wconf 83' lang='lat'>65“.</span> <span class='ocrx_word' id='word_1_104' title='bbox 2166 1838 2479 1926; x_wconf 84' lang='lat' dir='ltr'>Glaphyra</span> 
     </span>
     <span class='ocr_line' id='line_1_14' title="bbox 355 1941 2475 2034; baseline 0.003 -26"><span class='ocrx_word' id='word_1_105' title='bbox 355 1941 570 2029; x_wconf 82' lang='lat' dir='ltr'>Cyrilli</span> <span class='ocrx_word' id='word_1_106' title='bbox 591 1944 839 2031; x_wconf 75' lang='lat' dir='ltr'>Syriaco</span> <span class='ocrx_word' id='word_1_107' title='bbox 869 1967 1047 2012; x_wconf 82' lang='lat' dir='ltr'>versa</span> <span class='ocrx_word' id='word_1_108' title='bbox 1079 1948 1268 2012; x_wconf 88' lang='lat' dir='ltr'>etiam</span> <span class='ocrx_word' id='word_1_109' title='bbox 1305 1947 1368 2011; x_wconf 90' lang='lat' dir='ltr'>in</span> <span class='ocrx_word' id='word_1_110' title='bbox 1389 1945 1599 2013; x_wconf 86' lang='lat' dir='ltr'>Museo</span> <span class='ocrx_word' id='word_1_111' title='bbox 1630 1946 1977 2014; x_wconf 81' lang='lat' dir='ltr'>Britannico</span> <span class='ocrx_word' id='word_1_112' title='bbox 2008 1945 2199 2034; x_wconf 88' lang='lat' dir='ltr'>[Add.</span> <span class='ocrx_word' id='word_1_113' title='bbox 2234 1947 2475 2032; x_wconf 84' lang='lat'>14555]</span> 
     </span>
     <span class='ocr_line' id='line_1_15' title="bbox 349 2049 2504 2148; baseline 0.002 -33"><span class='ocrx_word' id='word_1_114' title='bbox 349 2049 761 2134; x_wconf 82' lang='lat' dir='ltr'>inveniuntur,</span> <span class='ocrx_word' id='word_1_115' title='bbox 810 2057 873 2118; x_wconf 89' lang='lat' dir='ltr'>et</span> <span class='ocrx_word' id='word_1_116' title='bbox 893 2051 1132 2137; x_wconf 87' lang='lat' dir='ltr'>Wright</span> <span class='ocrx_word' id='word_1_117' title='bbox 1188 2051 1350 2141; x_wconf 87' lang='lat' dir='ltr'>[Cat.</span> <span class='ocrx_word' id='word_1_118' title='bbox 1400 2054 1469 2119; x_wconf 84' lang='lat' dir='ltr'>of</span> <span class='ocrx_word' id='word_1_119' title='bbox 1515 2054 1620 2121; x_wconf 89' lang='lat' dir='ltr'>the</span> <span class='ocrx_word' id='word_1_120' title='bbox 1667 2075 1789 2140; x_wconf 88' lang='lat' dir='ltr'>syr.</span> <span class='ocrx_word' id='word_1_121' title='bbox 1850 2074 2013 2120; x_wconf 88' lang='lat' dir='ltr'>man.</span> <span class='ocrx_word' id='word_1_122' title='bbox 2060 2054 2122 2120; x_wconf 92' lang='lat' dir='ltr'>in</span> <span class='ocrx_word' id='word_1_123' title='bbox 2174 2053 2281 2148; x_wconf 89' lang='lat' dir='ltr'>the</span> <span class='ocrx_word' id='word_1_124' title='bbox 2322 2051 2504 2119; x_wconf 66' lang='lat' dir='ltr'>Brit·</span> 
     </span>
     <span class='ocr_line' id='line_1_16' title="bbox 347 2153 2479 2247; baseline 0.001 -27"><span class='ocrx_word' id='word_1_125' title='bbox 347 2153 514 2222; x_wconf 88' lang='lat' dir='ltr'>Mus.</span> <span class='ocrx_word' id='word_1_126' title='bbox 563 2157 626 2223; x_wconf 91' lang='grc' dir='ltr'>Π</span> <span class='ocrx_word' id='word_1_127' title='bbox 685 2161 844 2246; x_wconf 85' lang='lat'>483]</span> <span class='ocrx_word' id='word_1_128' title='bbox 899 2160 1228 2227; x_wconf 85' lang='lat' dir='ltr'>verisimile</span> <span class='ocrx_word' id='word_1_129' title='bbox 1283 2165 1462 2247; x_wconf 86' lang='lat' dir='ltr'>putat</span> <span class='ocrx_word' id='word_1_130' title='bbox 1516 2162 1674 2228; x_wconf 88' lang='lat' dir='ltr'>hanc</span> <span class='ocrx_word' id='word_1_131' title='bbox 1728 2181 1865 2227; x_wconf 89' lang='lat' dir='ltr'>esse</span> <span class='ocrx_word' id='word_1_132' title='bbox 1908 2158 2135 2246; x_wconf 83' lang='lat' dir='ltr'>Moysis</span> <span class='ocrx_word' id='word_1_133' title='bbox 2177 2158 2479 2244; x_wconf 82' lang='lat' dir='ltr'>Aghelaei</span> 
     </span>
     <span class='ocr_line' id='line_1_17' title="bbox 347 2263 2474 2355; baseline -0 -24"><span class='ocrx_word' id='word_1_134' title='bbox 347 2263 713 2332; x_wconf 85' lang='lat' dir='ltr'>versionem.</span> <span class='ocrx_word' id='word_1_135' title='bbox 807 2266 1264 2333; x_wconf 89' lang='lat' dir='ltr'>Memorandum</span> <span class='ocrx_word' id='word_1_136' title='bbox 1311 2273 1408 2334; x_wconf 90' lang='lat' dir='ltr'>est</span> <span class='ocrx_word' id='word_1_137' title='bbox 1451 2289 1645 2355; x_wconf 87' lang='lat' dir='ltr'>aeque</span> <span class='ocrx_word' id='word_1_138' title='bbox 1690 2289 1763 2335; x_wconf 89' lang='lat' dir='ltr'>ac</span> <span class='ocrx_word' id='word_1_139' title='bbox 1806 2268 2095 2334; x_wconf 87' lang='lat' dir='ltr'>historiae</span> <span class='ocrx_word' id='word_1_140' title='bbox 2124 2265 2474 2333; x_wconf 85' lang='lat' dir='ltr'>Asenethae</span> 
     </span>
     <span class='ocr_line' id='line_1_18' title="bbox 352 2373 2475 2462; baseline -0.001 -22"><span class='ocrx_word' id='word_1_141' title='bbox 352 2375 544 2440; x_wconf 85' lang='lat' dir='ltr'>etiam</span> <span class='ocrx_word' id='word_1_142' title='bbox 591 2373 922 2461; x_wconf 85' lang='lat' dir='ltr'>Glaphyris</span> <span class='ocrx_word' id='word_1_143' title='bbox 990 2374 1142 2440; x_wconf 88' lang='lat' dir='ltr'>duas</span> <span class='ocrx_word' id='word_1_144' title='bbox 1204 2375 1498 2462; x_wconf 87' lang='lat' dir='ltr'>epistolas</span> <span class='ocrx_word' id='word_1_145' title='bbox 1568 2375 1935 2461; x_wconf 77' lang='lat' dir='ltr'>praemissas</span> <span class='ocrx_word' id='word_1_146' title='bbox 1990 2395 2147 2456; x_wconf 87' lang='lat' dir='ltr'>esse,</span> <span class='ocrx_word' id='word_1_147' title='bbox 2218 2393 2475 2459; x_wconf 88' lang='lat' dir='ltr'>quarum</span> 
     </span>
     <span class='ocr_line' id='line_1_19' title="bbox 347 2479 2476 2568; baseline -0 -22"><span class='ocrx_word' id='word_1_148' title='bbox 347 2480 550 2547; x_wconf 86' lang='lat' dir='ltr'>altera</span> <span class='ocrx_word' id='word_1_149' title='bbox 593 2502 634 2546; x_wconf 92' lang='lat' dir='ltr'>a</span> <span class='ocrx_word' id='word_1_150' title='bbox 673 2479 1017 2568; x_wconf 89' lang='lat' dir='ltr'>Paphnutio</span> <span class='ocrx_word' id='word_1_151' title='bbox 1063 2480 1144 2546; x_wconf 89' lang='lat' dir='ltr'>ad</span> <span class='ocrx_word' id='word_1_152' title='bbox 1173 2479 1466 2568; x_wconf 87' lang='lat' dir='ltr'>Moysem‚</span> <span class='ocrx_word' id='word_1_153' title='bbox 1513 2482 1711 2548; x_wconf 89' lang='lat' dir='ltr'>altera</span> <span class='ocrx_word' id='word_1_154' title='bbox 1753 2481 1833 2547; x_wconf 91' lang='lat' dir='ltr'>ab</span> <span class='ocrx_word' id='word_1_155' title='bbox 1877 2481 1992 2548; x_wconf 87' lang='lat' dir='ltr'>hoc</span> <span class='ocrx_word' id='word_1_156' title='bbox 2036 2480 2116 2546; x_wconf 87' lang='lat' dir='ltr'>ad</span> <span class='ocrx_word' id='word_1_157' title='bbox 2160 2480 2338 2546; x_wconf 81' lang='lat' dir='ltr'>illum</span> <span class='ocrx_word' id='word_1_158' title='bbox 2378 2483 2476 2546; x_wconf 88' lang='lat' dir='ltr'>est</span> 
     </span>
     <span class='ocr_line' id='line_1_20' title="bbox 349 2585 2472 2675; baseline 0 -23"><span class='ocrx_word' id='word_1_159' title='bbox 349 2585 517 2654; x_wconf 78' lang='lat' dir='ltr'>data.</span> <span class='ocrx_word' id='word_1_160' title='bbox 609 2585 852 2674; x_wconf 88' lang='lat' dir='ltr'>Moyses</span> <span class='ocrx_word' id='word_1_161' title='bbox 907 2589 1092 2668; x_wconf 82' lang='lat' dir='ltr'>igitur</span> <span class='ocrx_word' id='word_1_162' title='bbox 1146 2609 1432 2672; x_wconf 86' lang='lat' dir='ltr'>magnam</span> <span class='ocrx_word' id='word_1_163' title='bbox 1491 2589 1839 2675; x_wconf 90' lang='lat' dir='ltr'>opinionem</span> <span class='ocrx_word' id='word_1_164' title='bbox 1890 2588 2175 2654; x_wconf 85' lang='lat' dir='ltr'>scientiae</span> <span class='ocrx_word' id='word_1_165' title='bbox 2231 2586 2472 2670; x_wconf 85' lang='lat' dir='ltr'>linguae</span> 
     </span>
     <span class='ocr_line' id='line_1_21' title="bbox 347 2692 2470 2781; baseline -0.001 -21"><span class='ocrx_word' id='word_1_166' title='bbox 347 2693 622 2760; x_wconf 84' lang='lat' dir='ltr'>Graecae</span> <span class='ocrx_word' id='word_1_167' title='bbox 669 2698 732 2760; x_wconf 90' lang='lat' dir='ltr'>et</span> <span class='ocrx_word' id='word_1_168' title='bbox 778 2694 1088 2761; x_wconf 83' lang='lat' dir='ltr'>facultatis</span> <span class='ocrx_word' id='word_1_169' title='bbox 1134 2695 1364 2781; x_wconf 87' lang='lat' dir='ltr'>scripta</span> <span class='ocrx_word' id='word_1_170' title='bbox 1391 2693 1629 2762; x_wconf 86' lang='lat' dir='ltr'>Graeca</span> <span class='ocrx_word' id='word_1_171' title='bbox 1674 2694 1917 2780; x_wconf 89' lang='lat' dir='ltr'>Syriace</span> <span class='ocrx_word' id='word_1_172' title='bbox 1964 2692 2236 2761; x_wconf 87' lang='lat' dir='ltr'>vertendi</span> <span class='ocrx_word' id='word_1_173' title='bbox 2278 2692 2470 2758; x_wconf 86' lang='lat' dir='ltr'>habu-</span> 
     </span>
     <span class='ocr_line' id='line_1_22' title="bbox 353 2799 2471 2890; baseline -0.001 -23"><span class='ocrx_word' id='word_1_174' title='bbox 353 2801 478 2867; x_wconf 89' lang='lat' dir='ltr'>isse</span> <span class='ocrx_word' id='word_1_175' title='bbox 524 2801 788 2884; x_wconf 83' lang='lat' dir='ltr'>videtur3</span> <span class='ocrx_word' id='word_1_176' title='bbox 836 2823 1036 2890; x_wconf 88' lang='lat' dir='ltr'>neque</span> <span class='ocrx_word' id='word_1_177' title='bbox 1081 2821 1202 2867; x_wconf 89' lang='lat' dir='ltr'>non</span> <span class='ocrx_word' id='word_1_178' title='bbox 1245 2801 1561 2889; x_wconf 86' lang='lat' dir='ltr'>probabile</span> <span class='ocrx_word' id='word_1_179' title='bbox 1584 2806 1681 2869; x_wconf 88' lang='lat' dir='ltr'>est</span> <span class='ocrx_word' id='word_1_180' title='bbox 1704 2822 1845 2868; x_wconf 91' lang='lat' dir='ltr'>eum</span> <span class='ocrx_word' id='word_1_181' title='bbox 1890 2801 2077 2866; x_wconf 91' lang='lat' dir='ltr'>etiam</span> <span class='ocrx_word' id='word_1_182' title='bbox 2120 2799 2242 2866; x_wconf 90' lang='lat' dir='ltr'>alia</span> <span class='ocrx_word' id='word_1_183' title='bbox 2284 2819 2471 2887; x_wconf 87' lang='lat' dir='ltr'>opera</span> 
     </span>
     <span class='ocr_line' id='line_1_23' title="bbox 346 2905 2469 2996; baseline -0.001 -23"><span class='ocrx_word' id='word_1_184' title='bbox 346 2905 586 2974; x_wconf 86' lang='lat' dir='ltr'>Graeca</span> <span class='ocrx_word' id='word_1_185' title='bbox 631 2910 694 2974; x_wconf 92' lang='lat' dir='ltr'>in</span> <span class='ocrx_word' id='word_1_186' title='bbox 747 2929 1095 2975; x_wconf 87' lang='lat' dir='ltr'>sermonem</span> <span class='ocrx_word' id='word_1_187' title='bbox 1141 2909 1406 2996; x_wconf 89' lang='lat' dir='ltr'>patrium</span> <span class='ocrx_word' id='word_1_188' title='bbox 1465 2908 1871 2974; x_wconf 84' lang='lat' dir='ltr'>transtulisse.</span> <span class='ocrx_word' id='word_1_189' title='bbox 1961 2906 2167 2993; x_wconf 82' lang='lat' dir='ltr'>Atque</span> <span class='ocrx_word' id='word_1_190' title='bbox 2211 2928 2277 2972; x_wconf 92' lang='lat' dir='ltr'>re</span> <span class='ocrx_word' id='word_1_191' title='bbox 2324 2925 2469 2972; x_wconf 85' lang='lat' dir='ltr'>vera</span> 
     </span>
     <span class='ocr_line' id='line_1_24' title="bbox 343 3011 2468 3101; baseline -0.001 -22"><span class='ocrx_word' id='word_1_192' title='bbox 343 3012 500 3081; x_wconf 90' lang='lat' dir='ltr'>haec</span> <span class='ocrx_word' id='word_1_193' title='bbox 543 3015 753 3082; x_wconf 85' lang='lat' dir='ltr'>fabula</span> <span class='ocrx_word' id='word_1_194' title='bbox 782 3014 1131 3082; x_wconf 91' lang='lat' dir='ltr'>Asenethae</span> <span class='ocrx_word' id='word_1_195' title='bbox 1165 3014 1412 3101; x_wconf 87' lang='lat' dir='ltr'>Syriace</span> <span class='ocrx_word' id='word_1_196' title='bbox 1445 3036 1624 3082; x_wconf 87' lang='lat' dir='ltr'>versa</span> <span class='ocrx_word' id='word_1_197' title='bbox 1668 3014 1731 3080; x_wconf 91' lang='lat' dir='ltr'>in</span> <span class='ocrx_word' id='word_1_198' title='bbox 1761 3013 2044 3101; x_wconf 81' lang='lat' dir='ltr'>expedita</span> <span class='ocrx_word' id='word_1_199' title='bbox 2088 3018 2150 3080; x_wconf 91' lang='lat' dir='ltr'>et</span> <span class='ocrx_word' id='word_1_200' title='bbox 2178 3011 2468 3100; x_wconf 88' lang='lat' dir='ltr'>perfacile</span> 
     </span>
     <span class='ocr_line' id='line_1_25' title="bbox 346 3121 2467 3209; baseline -0.001 -23"><span class='ocrx_word' id='word_1_201' title='bbox 346 3127 627 3189; x_wconf 85' lang='lat' dir='ltr'>currente</span> <span class='ocrx_word' id='word_1_202' title='bbox 666 3122 940 3188; x_wconf 90' lang='lat' dir='ltr'>oratione</span> <span class='ocrx_word' id='word_1_203' title='bbox 986 3122 1217 3209; x_wconf 86' lang='lat' dir='ltr'>scripta</span> <span class='ocrx_word' id='word_1_204' title='bbox 1255 3127 1370 3203; x_wconf 86' lang='lat' dir='ltr'>est,</span> <span class='ocrx_word' id='word_1_205' title='bbox 1417 3122 1504 3186; x_wconf 91' lang='lat' dir='ltr'>ita</span> <span class='ocrx_word' id='word_1_206' title='bbox 1549 3125 1619 3186; x_wconf 89' lang='lat' dir='ltr'>ut</span> <span class='ocrx_word' id='word_1_207' title='bbox 1648 3121 1748 3188; x_wconf 84' lang='lat' dir='ltr'>vix</span> <span class='ocrx_word' id='word_1_208' title='bbox 1794 3121 2118 3207; x_wconf 87' lang='lat' dir='ltr'>quisquam</span> <span class='ocrx_word' id='word_1_209' title='bbox 2149 3140 2285 3185; x_wconf 88' lang='lat' dir='ltr'>eam</span> <span class='ocrx_word' id='word_1_210' title='bbox 2331 3138 2467 3185; x_wconf 85' lang='lat' dir='ltr'>ver-</span> 
     </span>
     <span class='ocr_line' id='line_1_26' title="bbox 343 3224 2466 3314; baseline -0.001 -22"><span class='ocrx_word' id='word_1_211' title='bbox 343 3229 584 3294; x_wconf 89' lang='lat' dir='ltr'>sionem</span> <span class='ocrx_word' id='word_1_212' title='bbox 657 3229 903 3296; x_wconf 89' lang='lat' dir='ltr'>habeat.</span> <span class='ocrx_word' id='word_1_213' title='bbox 996 3228 1098 3295; x_wconf 89' lang='lat' dir='ltr'>Ad</span> <span class='ocrx_word' id='word_1_214' title='bbox 1129 3233 1396 3295; x_wconf 87' lang='lat' dir='ltr'>aetatem</span> <span class='ocrx_word' id='word_1_215' title='bbox 1473 3235 1657 3314; x_wconf 82' lang='lat' dir='ltr'>atque</span> <span class='ocrx_word' id='word_1_216' title='bbox 1732 3228 2161 3294; x_wconf 78' lang='lat' dir='ltr'>auctoritatem</span> <span class='ocrx_word' id='word_1_217' title='bbox 2225 3224 2466 3311; x_wconf 87' lang='lat' dir='ltr'>Moyses</span> 
     </span>
     <span class='ocr_line' id='line_1_27' title="bbox 343 3332 2463 3423; baseline -0.002 -23"><span class='ocrx_word' id='word_1_218' title='bbox 343 3336 576 3421; x_wconf 88' lang='lat' dir='ltr'>optime</span> <span class='ocrx_word' id='word_1_219' title='bbox 607 3336 954 3422; x_wconf 81' lang='lat' dir='ltr'>adiungitur</span> <span class='ocrx_word' id='word_1_220' title='bbox 984 3336 1194 3420; x_wconf 84' lang='lat' dir='ltr'>Sergio</span> <span class='ocrx_word' id='word_1_221' title='bbox 1226 3334 1605 3417; x_wconf 87' lang='lat' dir='ltr'>Rhesinensi,</span> <span class='ocrx_word' id='word_1_222' title='bbox 1651 3335 1969 3423; x_wconf 86' lang='lat' dir='ltr'>interpreti</span> <span class='ocrx_word' id='word_1_223' title='bbox 1999 3334 2087 3399; x_wconf 90' lang='lat' dir='ltr'>illi</span> <span class='ocrx_word' id='word_1_224' title='bbox 2126 3332 2463 3400; x_wconf 87' lang='lat' dir='ltr'>clarissimo</span> 
     </span>
     <span class='ocr_line' id='line_1_28' title="bbox 347 3437 2466 3530; baseline -0.002 -24"><span class='ocrx_word' id='word_1_225' title='bbox 347 3441 710 3530; x_wconf 67' lang='lat' dir='ltr'>Jacobitico,</span> <span class='ocrx_word' id='word_1_226' title='bbox 757 3445 860 3530; x_wconf 91' lang='lat' dir='ltr'>qui</span> <span class='ocrx_word' id='word_1_227' title='bbox 888 3445 1048 3510; x_wconf 91' lang='lat' dir='ltr'>circa</span> <span class='ocrx_word' id='word_1_228' title='bbox 1093 3464 1148 3508; x_wconf 90' lang='lat' dir='ltr'>a.</span> <span class='ocrx_word' id='word_1_229' title='bbox 1176 3465 1238 3530; x_wconf 91' lang='lat' dir='ltr'>p.</span> <span class='ocrx_word' id='word_1_230' title='bbox 1265 3441 1382 3508; x_wconf 83' lang='lat' dir='ltr'>Ch.</span> <span class='ocrx_word' id='word_1_231' title='bbox 1411 3445 1541 3510; x_wconf 85' lang='lat'>520</span> <span class='ocrx_word' id='word_1_232' title='bbox 1586 3441 1789 3508; x_wconf 89' lang='lat' dir='ltr'>floruit</span> <span class='ocrx_word' id='word_1_233' title='bbox 1833 3446 1896 3508; x_wconf 86' lang='lat' dir='ltr'>et</span> <span class='ocrx_word' id='word_1_234' title='bbox 1944 3439 2249 3528; x_wconf 85' lang='lat' dir='ltr'>„plurima</span> <span class='ocrx_word' id='word_1_235' title='bbox 2275 3437 2466 3504; x_wconf 88' lang='lat' dir='ltr'>Grae-</span> 
     </span>
     <span class='ocr_line' id='line_1_29' title="bbox 346 3545 2464 3638; baseline -0.002 -24"><span class='ocrx_word' id='word_1_236' title='bbox 346 3567 559 3614; x_wconf 87' lang='lat' dir='ltr'>corum</span> <span class='ocrx_word' id='word_1_237' title='bbox 589 3549 972 3638; x_wconf 89' lang='lat' dir='ltr'>Sapientium</span> <span class='ocrx_word' id='word_1_238' title='bbox 996 3571 1184 3638; x_wconf 89' lang='lat' dir='ltr'>opera</span> <span class='ocrx_word' id='word_1_239' title='bbox 1227 3551 1289 3616; x_wconf 89' lang='lat' dir='ltr'>in</span> <span class='ocrx_word' id='word_1_240' title='bbox 1341 3549 1657 3637; x_wconf 86' lang='lat' dir='ltr'>Syriacam</span> <span class='ocrx_word' id='word_1_241' title='bbox 1701 3548 1973 3632; x_wconf 84' lang='lat' dir='ltr'>linguam</span> <span class='ocrx_word' id='word_1_242' title='bbox 2015 3545 2392 3612; x_wconf 84' lang='lat' dir='ltr'>transtulit“.</span> <span class='ocrx_word' id='word_1_243' title='bbox 2410 3545 2464 3630; x_wconf 79' lang='lat'>²)</span> 
     </span>
     <span class='ocr_line' id='line_1_30' title="bbox 341 3650 2463 3743; baseline -0.002 -23"><span class='ocrx_word' id='word_1_244' title='bbox 341 3654 442 3720; x_wconf 92' lang='lat' dir='ltr'>De</span> <span class='ocrx_word' id='word_1_245' title='bbox 474 3655 697 3743; x_wconf 87' lang='lat' dir='ltr'>Moysis</span> <span class='ocrx_word' id='word_1_246' title='bbox 723 3658 852 3724; x_wconf 89' lang='lat' dir='ltr'>vita</span> <span class='ocrx_word' id='word_1_247' title='bbox 880 3656 1260 3724; x_wconf 89' lang='lat' dir='ltr'>Assemanus</span> <span class='ocrx_word' id='word_1_248' title='bbox 1305 3662 1514 3722; x_wconf 83' lang='lat' dir='ltr'>narrat</span> <span class='ocrx_word' id='word_1_249' title='bbox 1540 3677 1681 3722; x_wconf 91' lang='lat' dir='ltr'>eum</span> <span class='ocrx_word' id='word_1_250' title='bbox 1712 3659 1923 3720; x_wconf 91' lang='lat' dir='ltr'>natum</span> <span class='ocrx_word' id='word_1_251' title='bbox 1968 3675 2103 3720; x_wconf 87' lang='lat' dir='ltr'>esse</span> <span class='ocrx_word' id='word_1_252' title='bbox 2134 3656 2195 3718; x_wconf 92' lang='lat' dir='ltr'>in</span> <span class='ocrx_word' id='word_1_253' title='bbox 2240 3650 2463 3739; x_wconf 90' lang='lat' dir='ltr'>oppido</span> 
     </span>
     <span class='ocr_line' id='line_1_31' title="bbox 339 3759 2462 3852; baseline -0.002 -24"><span class='ocrx_word' id='word_1_254' title='bbox 339 3761 820 3852; x_wconf 86' lang='lat' dir='ltr'>Mesopotamiae</span> <span class='ocrx_word' id='word_1_255' title='bbox 850 3763 1052 3848; x_wconf 80' lang='lat' dir='ltr'>Aghel</span> <span class='ocrx_word' id='word_1_256' title='bbox 1097 3765 1256 3850; x_wconf 84' lang='lat' dir='ltr'>(sive</span> <span class='ocrx_word' id='word_1_257' title='bbox 1287 3763 1555 3849; x_wconf 82' lang='lat' dir='ltr'>Inghila)</span> <span class='ocrx_word' id='word_1_258' title='bbox 1604 3767 1667 3830; x_wconf 87' lang='lat' dir='ltr'>et</span> <span class='ocrx_word' id='word_1_259' title='bbox 1712 3766 1916 3828; x_wconf 81' lang='lat' dir='ltr'>sectae</span> <span class='ocrx_word' id='word_1_260' title='bbox 1948 3759 2462 3846; x_wconf 89' lang='lat' dir='ltr'>Monophysiticae</span> 
     </span>
     <span class='ocr_line' id='line_1_32' title="bbox 337 3869 1758 3958; baseline 0 -23"><span class='ocrx_word' id='word_1_261' title='bbox 337 3869 534 3936; x_wconf 82' lang='lat' dir='ltr'>fuisse</span> <span class='ocrx_word' id='word_1_262' title='bbox 577 3891 948 3958; x_wconf 85' lang='lat' dir='ltr'>munereque</span> <span class='ocrx_word' id='word_1_263' title='bbox 995 3871 1236 3937; x_wconf 90' lang='lat' dir='ltr'>abbatis</span> <span class='ocrx_word' id='word_1_264' title='bbox 1282 3891 1420 3938; x_wconf 88' lang='lat' dir='ltr'>esse</span> <span class='ocrx_word' id='word_1_265' title='bbox 1464 3870 1758 3936; x_wconf 84' lang='lat' dir='ltr'>functum.</span> 
     </span>
    </p>
   </div>
   <div class='ocr_carea' id='block_1_4' title="bbox 523 3958 2460 4084">
    <p class='ocr_par' dir='ltr' id='par_1_4' title="bbox 523 3958 2460 4084">
     <span class='ocr_line' id='line_1_33' title="bbox 523 3958 2460 4084; baseline -0.005 -21"><span class='ocrx_word' id='word_1_266' title='bbox 523 3997 560 4082; x_wconf 64' lang='grc' dir='ltr'><strong>ξ</strong></span> <span class='ocrx_word' id='word_1_267' title='bbox 609 4001 668 4063; x_wconf 88' lang='grc'>6.</span> <span class='ocrx_word' id='word_1_268' title='bbox 761 3997 848 4062; x_wconf 86' lang='lat' dir='ltr'>Ex</span> <span class='ocrx_word' id='word_1_269' title='bbox 896 3997 1016 4063; x_wconf 85' lang='lat' dir='ltr'>illis</span> <span class='ocrx_word' id='word_1_270' title='bbox 1074 3997 1369 4084; x_wconf 86' lang='lat' dir='ltr'>epistolis,</span> <span class='ocrx_word' id='word_1_271' title='bbox 1430 3958 1506 4062; x_wconf 87' lang='lat' dir='ltr'>de</span> <span class='ocrx_word' id='word_1_272' title='bbox 1553 3995 1772 4082; x_wconf 88' lang='lat' dir='ltr'>quibus</span> <span class='ocrx_word' id='word_1_273' title='bbox 1830 4013 2016 4080; x_wconf 88' lang='lat' dir='ltr'>supra</span> <span class='ocrx_word' id='word_1_274' title='bbox 2060 3991 2341 4071; x_wconf 84' lang='lat' dir='ltr'>diximus,</span> <span class='ocrx_word' id='word_1_275' title='bbox 2399 3987 2460 4053; x_wconf 90' lang='lat' dir='ltr'>id</span> 
     </span>
    </p>
   </div>
   <div class='ocr_carea' id='block_1_5' title="bbox 347 4125 767 4138">
    <p class='ocr_par' dir='ltr' id='par_1_5' title="bbox 347 4125 767 4138">
     <span class='ocr_line' id='line_1_34' title="bbox 347 4125 767 4138; baseline 0 846"><span class='ocrx_word' id='word_1_276' title='bbox 347 4125 767 4138; x_wconf 95' lang='lat' dir='ltr'> </span> 
     </span>
    </p>
   </div>
   <div class='ocr_carea' id='block_1_6' title="bbox 489 4191 2294 4354">
    <p class='ocr_par' dir='ltr' id='par_1_6' title="bbox 489 4191 2294 4354">
     <span class='ocr_line' id='line_1_35' title="bbox 495 4191 1576 4262; baseline -0.002 -13"><span class='ocrx_word' id='word_1_277' title='bbox 495 4192 540 4260; x_wconf 80' lang='grc'>1)</span> <span class='ocrx_word' id='word_1_278' title='bbox 580 4212 631 4251; x_wconf 80' lang='lat' dir='ltr'>v.</span> <span class='ocrx_word' id='word_1_279' title='bbox 669 4193 880 4252; x_wconf 85' lang='lat' dir='ltr'>Aneed.</span> <span class='ocrx_word' id='word_1_280' title='bbox 917 4196 957 4248; x_wconf 84' lang='lat' dir='ltr'>t.</span> <span class='ocrx_word' id='word_1_281' title='bbox 994 4192 1069 4248; x_wconf 89' lang='lat'>111</span> <span class='ocrx_word' id='word_1_282' title='bbox 1104 4211 1158 4262; x_wconf 90' lang='lat' dir='ltr'>p.</span> <span class='ocrx_word' id='word_1_283' title='bbox 1199 4193 1267 4248; x_wconf 92' lang='lat'>18</span> <span class='ocrx_word' id='word_1_284' title='bbox 1303 4195 1487 4248; x_wconf 86' lang='lat' dir='ltr'>annot.</span> <span class='ocrx_word' id='word_1_285' title='bbox 1525 4191 1576 4247; x_wconf 88' lang='lat'>3.</span> 
     </span>
     <span class='ocr_line' id='line_1_36' title="bbox 489 4272 2294 4354; baseline -0.006 -15"><span class='ocrx_word' id='word_1_286' title='bbox 489 4283 532 4354; x_wconf 83' lang='lat'>²)</span> <span class='ocrx_word' id='word_1_287' title='bbox 571 4282 650 4339; x_wconf 83' lang='lat' dir='ltr'>cf.</span> <span class='ocrx_word' id='word_1_288' title='bbox 689 4283 739 4338; x_wconf 88' lang='lat' dir='ltr'>J.</span> <span class='ocrx_word' id='word_1_289' title='bbox 779 4282 833 4340; x_wconf 84' lang='lat' dir='ltr'>S.</span> <span class='ocrx_word' id='word_1_290' title='bbox 874 4283 1193 4338; x_wconf 70' lang='lat' dir='ltr'>Assemanus</span> <span class='ocrx_word' id='word_1_291' title='bbox 1228 4281 1368 4337; x_wconf 87' lang='lat' dir='ltr'>Bibl.</span> <span class='ocrx_word' id='word_1_292' title='bbox 1408 4280 1502 4338; x_wconf 88' lang='lat' dir='ltr'>Or.</span> <span class='ocrx_word' id='word_1_293' title='bbox 1537 4283 1579 4338; x_wconf 79' lang='lat' dir='ltr'>t.</span> <span class='ocrx_word' id='word_1_294' title='bbox 1618 4278 1667 4334; x_wconf 91' lang='lat'>11</span> <span class='ocrx_word' id='word_1_295' title='bbox 1701 4296 1755 4348; x_wconf 87' lang='lat' dir='ltr'>p.</span> <span class='ocrx_word' id='word_1_296' title='bbox 1803 4284 1901 4332; x_wconf 80' lang='lat'>172</span> <span class='ocrx_word' id='word_1_297' title='bbox 1942 4277 2095 4334; x_wconf 82' lang='lat' dir='ltr'>Rom.</span> <span class='ocrx_word' id='word_1_298' title='bbox 2137 4272 2294 4329; x_wconf 81' lang='lat'>1⁷21.</span> 
     </span>
    </p>
   </div>
  </div>
 </body>
</html>
