<?xml version="1.0" encoding="UTF-8"?>
<!DOCTYPE html PUBLIC "-//W3C//DTD XHTML 1.0 Transitional//EN"
    "http://www.w3.org/TR/xhtml1/DTD/xhtml1-transitional.dtd">
<html xmlns="http://www.w3.org/1999/xhtml" xml:lang="en" lang="en">
 <head>
  <title>
</title>
<meta http-equiv="Content-Type" content="text/html;charset=utf-8" />
  <meta name='ocr-system' content='tesseract 3.04.00' />
  <meta name='ocr-capabilities' content='ocr_page ocr_carea ocr_par ocr_line ocrx_word'/>
</head>
<body>
  <div class='ocr_page' id='page_1' title='image "./fabulajosephiet00oppegoog_0026.png"; bbox 0 0 3067 4984; ppageno 0'>
   <div class='ocr_carea' id='block_1_1' title="bbox 1452 557 1899 620">
    <p class='ocr_par' dir='ltr' id='par_1_1' title="bbox 1452 557 1899 620">
     <span class='ocr_line' id='line_1_1' title="bbox 1452 557 1899 620; baseline 0 -18"><span class='ocrx_word' id='word_1_1' title='bbox 1452 557 1713 620; x_wconf 74' lang='lat'>...20</span> <span class='ocrx_word' id='word_1_2' title='bbox 1816 589 1899 602; x_wconf 78' lang='grc'><em>-.</em></span> 
     </span>
    </p>
   </div>
   <div class='ocr_carea' id='block_1_2' title="bbox 569 730 2747 2318">
    <p class='ocr_par' dir='ltr' id='par_1_2' title="bbox 569 730 2747 2318">
     <span class='ocr_line' id='line_1_2' title="bbox 791 730 2737 818; baseline -0.001 -24"><span class='ocrx_word' id='word_1_3' title='bbox 791 730 1066 797; x_wconf 83' lang='lat' dir='ltr'>Aseneth</span> <span class='ocrx_word' id='word_1_4' title='bbox 1109 734 1312 796; x_wconf 85' lang='lat' dir='ltr'>autem</span> <span class='ocrx_word' id='word_1_5' title='bbox 1345 730 1681 818; x_wconf 86' lang='lat' dir='ltr'>Josephum</span> <span class='ocrx_word' id='word_1_6' title='bbox 1716 733 2067 818; x_wconf 77' lang='lat' dir='ltr'>conspicata</span> <span class='ocrx_word' id='word_1_7' title='bbox 2109 753 2334 816; x_wconf 84' lang='lat' dir='ltr'>magna</span> <span class='ocrx_word' id='word_1_8' title='bbox 2364 731 2737 817; x_wconf 83' lang='lat' dir='ltr'>poenitentia</span> 
     </span>
     <span class='ocr_line' id='line_1_3' title="bbox 613 836 2747 925; baseline 0 -23"><span class='ocrx_word' id='word_1_9' title='bbox 613 836 833 903; x_wconf 66' lang='lat' dir='ltr'>affecta</span> <span class='ocrx_word' id='word_1_10' title='bbox 888 844 983 904; x_wconf 84' lang='lat' dir='ltr'><em>est</em></span> <span class='ocrx_word' id='word_1_11' title='bbox 1042 843 1103 904; x_wconf 84' lang='lat' dir='ltr'>et</span> <span class='ocrx_word' id='word_1_12' title='bbox 1133 891 1141 896; x_wconf 88' lang='lat'>.</span> <span class='ocrx_word' id='word_1_13' title='bbox 1167 837 1348 905; x_wconf 86' lang='lat' dir='ltr'>valde</span> <span class='ocrx_word' id='word_1_14' title='bbox 1407 837 1626 918; x_wconf 84' lang='lat' dir='ltr'>doluit;</span> <span class='ocrx_word' id='word_1_15' title='bbox 1702 845 1763 905; x_wconf 82' lang='lat' dir='ltr'>et</span> <span class='ocrx_word' id='word_1_16' title='bbox 1834 841 1963 905; x_wconf 89' lang='lat' dir='ltr'>eius</span> <span class='ocrx_word' id='word_1_17' title='bbox 2017 861 2214 923; x_wconf 79' lang='lat' dir='ltr'>genua</span> <span class='ocrx_word' id='word_1_18' title='bbox 2238 843 2285 925; x_wconf 80' lang='lat'><em>²)</em></span> <span class='ocrx_word' id='word_1_19' title='bbox 2340 842 2747 918; x_wconf 82' lang='lat' dir='ltr'>tremuerunt,-</span> 
     </span>
     <span class='ocr_line' id='line_1_4' title="bbox 613 944 2744 1032; baseline 0 -23"><span class='ocrx_word' id='word_1_20' title='bbox 613 949 798 1030; x_wconf 82' lang='lat' dir='ltr'>atque</span> <span class='ocrx_word' id='word_1_21' title='bbox 859 944 1140 1032; x_wconf 79' lang='lat' dir='ltr'>spondyli</span> <span class='ocrx_word' id='word_1_22' title='bbox 1184 945 1531 1011; x_wconf 86' lang='lat' dir='ltr'>lumborum</span> <span class='ocrx_word' id='word_1_23' title='bbox 1602 947 1785 1012; x_wconf 89' lang='lat' dir='ltr'>soluti</span> <span class='ocrx_word' id='word_1_24' title='bbox 1841 952 2001 1027; x_wconf 84' lang='lat' dir='ltr'>sunt,</span> <span class='ocrx_word' id='word_1_25' title='bbox 2074 951 2136 1013; x_wconf 88' lang='lat' dir='ltr'>et</span> <span class='ocrx_word' id='word_1_26' title='bbox 2180 945 2468 1030; x_wconf 79' lang='lat' dir='ltr'>languida</span> <span class='ocrx_word' id='word_1_27' title='bbox 2532 945 2744 1010; x_wconf 83' lang='lat' dir='ltr'>laxata</span> 
     </span>
     <span class='ocr_line' id='line_1_5' title="bbox 615 1051 2741 1138; baseline 0.001 -22"><span class='ocrx_word' id='word_1_28' title='bbox 615 1056 728 1118; x_wconf 88' lang='lat' dir='ltr'>est.</span> <span class='ocrx_word' id='word_1_29' title='bbox 821 1051 1196 1138; x_wconf 77' lang='lat' dir='ltr'>Magnusque</span> <span class='ocrx_word' id='word_1_30' title='bbox 1241 1055 1426 1118; x_wconf 89' lang='lat' dir='ltr'>timor</span> <span class='ocrx_word' id='word_1_31' title='bbox 1473 1055 1526 1118; x_wconf 89' lang='lat' dir='ltr'>ei</span> <span class='ocrx_word' id='word_1_32' title='bbox 1580 1055 1847 1135; x_wconf 75' lang='lat' dir='ltr'>incessit,</span> <span class='ocrx_word' id='word_1_33' title='bbox 1896 1058 1959 1119; x_wconf 88' lang='lat' dir='ltr'>et</span> <span class='ocrx_word' id='word_1_34' title='bbox 2018 1075 2153 1119; x_wconf 89' lang='lat' dir='ltr'><em>cum</em></span> <span class='ocrx_word' id='word_1_35' title='bbox 2201 1055 2469 1137; x_wconf 75' lang='lat' dir='ltr'>graviter</span> <span class='ocrx_word' id='word_1_36' title='bbox 2524 1074 2741 1138; x_wconf 85' lang='lat' dir='ltr'>quere—</span> 
     </span>
     <span class='ocr_line' id='line_1_6' title="bbox 613 1158 2741 1247; baseline 0 -24"><span class='ocrx_word' id='word_1_37' title='bbox 613 1165 782 1224; x_wconf 87' lang='lat' dir='ltr'>retur</span> <span class='ocrx_word' id='word_1_38' title='bbox 826 1159 1116 1244; x_wconf 85' lang='lat' dir='ltr'>fieretque</span> <span class='ocrx_word' id='word_1_39' title='bbox 1161 1161 1222 1224; x_wconf 90' lang='lat' dir='ltr'>in</span> <span class='ocrx_word' id='word_1_40' title='bbox 1266 1158 1479 1225; x_wconf 88' lang='lat' dir='ltr'>corde·</span> <span class='ocrx_word' id='word_1_41' title='bbox 1519 1182 1628 1226; x_wconf 89' lang='lat' dir='ltr'>suo</span> <span class='ocrx_word' id='word_1_42' title='bbox 1692 1159 1940 1246; x_wconf 79' lang='lat' dir='ltr'>dixit²)=</span> <span class='ocrx_word' id='word_1_43' title='bbox 2036 1159 2296 1247; x_wconf 78' lang='lat' dir='ltr'><em>‚‚Quid³)</em></span> <span class='ocrx_word' id='word_1_44' title='bbox 2351 1161 2569 1225; x_wconf 79' lang='lat' dir='ltr'>faciam</span> <span class='ocrx_word' id='word_1_45' title='bbox 2627 1181 2741 1242; x_wconf 81' lang='lat' dir='ltr'>ego</span> 
     </span>
     <span class='ocr_line' id='line_1_7' title="bbox 613 1266 2733 1355; baseline 0.001 -23"><span class='ocrx_word' id='word_1_46' title='bbox 613 1266 844 1332; x_wconf 85' lang='lat' dir='ltr'>afflicta</span> <span class='ocrx_word' id='word_1_47' title='bbox 889 1288 960 1332; x_wconf 81' lang='lat' dir='ltr'><em>ac</em></span> <span class='ocrx_word' id='word_1_48' title='bbox 981 1325 984 1329; x_wconf 93' lang='lat'>.</span> <span class='ocrx_word' id='word_1_49' title='bbox 1007 1266 1242 1349; x_wconf 77' lang='lat' dir='ltr'>debilis,</span> <span class='ocrx_word' id='word_1_50' title='bbox 1291 1269 1576 1353; x_wconf 77' lang='lat' dir='ltr'>quoniam</span> <span class='ocrx_word' id='word_1_51' title='bbox 1630 1269 1953 1334; x_wconf 80' lang='lat' dir='ltr'>consiliarii</span> <span class='ocrx_word' id='word_1_52' title='bbox 1986 1269 2168 1334; x_wconf 84' lang='lat' dir='ltr'>alieni</span> <span class='ocrx_word' id='word_1_53' title='bbox 2212 1290 2310 1334; x_wconf 89' lang='lat' dir='ltr'>me</span> <span class='ocrx_word' id='word_1_54' title='bbox 2344 1267 2733 1355; x_wconf 85' lang='lat' dir='ltr'>deceperunt,</span> 
     </span>
     <span class='ocr_line' id='line_1_8' title="bbox 613 1373 2738 1462; baseline -0 -23"><span class='ocrx_word' id='word_1_55' title='bbox 613 1395 748 1439; x_wconf 87' lang='lat' dir='ltr'><em>cum</em></span> <span class='ocrx_word' id='word_1_56' title='bbox 795 1373 833 1438; x_wconf 86' lang='lat' dir='ltr'>J</span> <span class='ocrx_word' id='word_1_57' title='bbox 837 1375 1132 1460; x_wconf 89' lang='lat' dir='ltr'>osephum</span> <span class='ocrx_word' id='word_1_58' title='bbox 1186 1374 1382 1455; x_wconf 86' lang='lat' dir='ltr'>illum,</span> <span class='ocrx_word' id='word_1_59' title='bbox 1441 1375 1545 1460; x_wconf 89' lang='lat' dir='ltr'><em>qui</em></span> <span class='ocrx_word' id='word_1_60' title='bbox 1600 1376 1888 1457; x_wconf 83' lang='lat' dir='ltr'>venisset,</span> <span class='ocrx_word' id='word_1_61' title='bbox 1945 1375 2135 1439; x_wconf 89' lang='lat' dir='ltr'>filium</span> <span class='ocrx_word' id='word_1_62' title='bbox 2190 1377 2453 1462; x_wconf 82' lang='lat' dir='ltr'>pastoris</span> <span class='ocrx_word' id='word_1_63' title='bbox 2500 1373 2738 1440; x_wconf 80' lang='lat' dir='ltr'>Chana-</span> 
     </span>
     <span class='ocr_line' id='line_1_9' title="bbox 612 1479 2736 1567; baseline -0 -21"><span class='ocrx_word' id='word_1_64' title='bbox 612 1482 750 1546; x_wconf 83' lang='lat' dir='ltr'>naei</span> <span class='ocrx_word' id='word_1_65' title='bbox 795 1502 930 1548; x_wconf 82' lang='lat' dir='ltr'>esse</span> <span class='ocrx_word' id='word_1_66' title='bbox 953 1481 1125 1545; x_wconf 88' lang='lat' dir='ltr'>-mihi</span> <span class='ocrx_word' id='word_1_67' title='bbox 1171 1479 1459 1547; x_wconf 78' lang='lat' dir='ltr'>dicerent.</span> <span class='ocrx_word' id='word_1_68' title='bbox 1554 1483 1642 1547; x_wconf 89' lang='lat' dir='ltr'><em>At</em></span> <span class='ocrx_word' id='word_1_69' title='bbox 1686 1503 1843 1548; x_wconf 87' lang='lat' dir='ltr'>nunc</span> <span class='ocrx_word' id='word_1_70' title='bbox 1892 1482 2067 1548; x_wconf 88' lang='lat' dir='ltr'>video</span> <span class='ocrx_word' id='word_1_71' title='bbox 2113 1505 2150 1546; x_wconf 76' lang='lat' dir='ltr'>a</span> <span class='ocrx_word' id='word_1_72' title='bbox 2195 1503 2373 1547; x_wconf 88' lang='lat' dir='ltr'>curru</span> <span class='ocrx_word' id='word_1_73' title='bbox 2406 1482 2589 1564; x_wconf 76' lang='lat' dir='ltr'>illius,</span> <span class='ocrx_word' id='word_1_74' title='bbox 2634 1483 2736 1567; x_wconf 88' lang='lat' dir='ltr'><em>qui</em></span> 
     </span>
     <span class='ocr_line' id='line_1_10' title="bbox 617 1587 2737 1676; baseline 0.001 -24"><span class='ocrx_word' id='word_1_75' title='bbox 617 1587 696 1652; x_wconf 79' lang='lat' dir='ltr'><em>ad</em></span> <span class='ocrx_word' id='word_1_76' title='bbox 731 1608 841 1652; x_wconf 90' lang='lat' dir='ltr'><em>nos</em></span> <span class='ocrx_word' id='word_1_77' title='bbox 865 1589 1172 1671; x_wconf 84' lang='lat' dir='ltr'>ingressus</span> <span class='ocrx_word' id='word_1_78' title='bbox 1221 1593 1336 1670; x_wconf 82' lang='lat' dir='ltr'>est,</span> <span class='ocrx_word' id='word_1_79' title='bbox 1395 1588 1589 1654; x_wconf 74' lang='lat' dir='ltr'>soloin</span> <span class='ocrx_word' id='word_1_80' title='bbox 1633 1589 1867 1672; x_wconf 83' lang='lat' dir='ltr'>fulgere</span> <span class='ocrx_word' id='word_1_81' title='bbox 1915 1593 1977 1653; x_wconf 87' lang='lat' dir='ltr'><em>ot</em></span> <span class='ocrx_word' id='word_1_82' title='bbox 2022 1589 2446 1676; x_wconf 82' lang='lat' dir='ltr'>splendoribus</span> <span class='ocrx_word' id='word_1_83' title='bbox 2492 1589 2737 1655; x_wconf 87' lang='lat' dir='ltr'>domum</span> 
     </span>
     <span class='ocr_line' id='line_1_11' title="bbox 611 1694 2737 1782; baseline 0.001 -22"><span class='ocrx_word' id='word_1_84' title='bbox 611 1700 886 1760; x_wconf 86' lang='lat' dir='ltr'>nostram</span> <span class='ocrx_word' id='word_1_85' title='bbox 913 1694 1243 1760; x_wconf 77' lang='lat' dir='ltr'>illustrare.</span> <span class='ocrx_word' id='word_1_86' title='bbox 1279 1754 1290 1759; x_wconf 82' lang='grc'>-</span> <span class='ocrx_word' id='word_1_87' title='bbox 1339 1694 1426 1761; x_wconf 86' lang='lat' dir='ltr'><em>At</em></span> <span class='ocrx_word' id='word_1_88' title='bbox 1459 1717 1571 1778; x_wconf 83' lang='lat' dir='ltr'>ego</span> <span class='ocrx_word' id='word_1_89' title='bbox 1602 1717 1893 1780; x_wconf 78' lang='lat' dir='ltr'>arrogans</span> <span class='ocrx_word' id='word_1_90' title='bbox 1924 1703 2109 1782; x_wconf 76' lang='lat' dir='ltr'>atquo</span> <span class='ocrx_word' id='word_1_91' title='bbox 2143 1696 2333 1762; x_wconf 78' lang='lat' dir='ltr'>stulta</span> <span class='ocrx_word' id='word_1_92' title='bbox 2366 1719 2503 1762; x_wconf 88' lang='lat' dir='ltr'>eum</span> <span class='ocrx_word' id='word_1_93' title='bbox 2536 1697 2737 1782; x_wconf 84' lang='lat' dir='ltr'>sprevi</span> 
     </span>
     <span class='ocr_line' id='line_1_12' title="bbox 615 1802 2740 1890; baseline 0.001 -24"><span class='ocrx_word' id='word_1_94' title='bbox 615 1804 704 1888; x_wconf 85' lang='lat' dir='ltr'><em>[p.</em></span> <span class='ocrx_word' id='word_1_95' title='bbox 741 1803 852 1887; x_wconf 76' lang='lat'><em>23]</em></span> <span class='ocrx_word' id='word_1_96' title='bbox 878 1802 1240 1887; x_wconf 81' lang='lat' dir='ltr'>garruleque</span> <span class='ocrx_word' id='word_1_97' title='bbox 1272 1803 1348 1868; x_wconf 88' lang='lat' dir='ltr'><em>dc</em></span> <span class='ocrx_word' id='word_1_98' title='bbox 1382 1823 1467 1868; x_wconf 81' lang='lat' dir='ltr'>eo·</span> <span class='ocrx_word' id='word_1_99' title='bbox 1486 1802 1690 1870; x_wconf 81' lang='lat' dir='ltr'>locuta</span> <span class='ocrx_word' id='word_1_100' title='bbox 1722 1825 1857 1868; x_wconf 89' lang='lat' dir='ltr'>sum</span> <span class='ocrx_word' id='word_1_101' title='bbox 1880 1805 2155 1869; x_wconf 84' lang='lat' dir='ltr'>nesciens</span> <span class='ocrx_word' id='word_1_102' title='bbox 2186 1803 2520 1890; x_wconf 84' lang='lat' dir='ltr'>Josephum</span> <span class='ocrx_word' id='word_1_103' title='bbox 2552 1803 2740 1869; x_wconf 87' lang='lat' dir='ltr'>filium</span> 
     </span>
     <span class='ocr_line' id='line_1_13' title="bbox 611 1907 2738 1997; baseline 0.001 -24"><span class='ocrx_word' id='word_1_104' title='bbox 611 1908 727 1974; x_wconf 89' lang='lat' dir='ltr'>Dei</span> <span class='ocrx_word' id='word_1_105' title='bbox 775 1931 928 1974; x_wconf 87' lang='lat' dir='ltr'>esse.</span> <span class='ocrx_word' id='word_1_106' title='bbox 1023 1907 1169 1986; x_wconf 83' lang='lat' dir='ltr'>Quis</span> <span class='ocrx_word' id='word_1_107' title='bbox 1227 1910 1385 1974; x_wconf 87' lang='lat' dir='ltr'>enim</span> <span class='ocrx_word' id='word_1_108' title='bbox 1433 1911 1742 1974; x_wconf 87' lang='lat' dir='ltr'>hominum</span> <span class='ocrx_word' id='word_1_109' title='bbox 1799 1909 2347 1997; x_wconf 86' lang='lat' dir='ltr'>pulchritudinibus</span> <span class='ocrx_word' id='word_1_110' title='bbox 2394 1911 2479 1976; x_wconf 78' lang='lat' dir='ltr'>sic</span> <span class='ocrx_word' id='word_1_111' title='bbox 2525 1911 2738 1994; x_wconf 78' lang='lat' dir='ltr'>fulget,</span> 
     </span>
     <span class='ocr_line' id='line_1_14' title="bbox 613 2015 2739 2104; baseline 0 -23"><span class='ocrx_word' id='word_1_112' title='bbox 613 2037 750 2081; x_wconf 88' lang='lat' dir='ltr'><em>cum</em></span> <span class='ocrx_word' id='word_1_113' title='bbox 811 2015 998 2080; x_wconf 82' lang='lat' dir='ltr'>facies</span> <span class='ocrx_word' id='word_1_114' title='bbox 1067 2015 1196 2080; x_wconf 86' lang='lat' dir='ltr'>cius</span> <span class='ocrx_word' id='word_1_115' title='bbox 1251 2015 1573 2102; x_wconf 81' lang='lat' dir='ltr'>splendida</span> <span class='ocrx_word' id='word_1_116' title='bbox 1642 2017 1797 2082; x_wconf 81' lang='lat' dir='ltr'>filios</span> <span class='ocrx_word' id='word_1_117' title='bbox 1852 2024 2087 2083; x_wconf 81' lang='lat' dir='ltr'>terrac·</span> <span class='ocrx_word' id='word_1_118' title='bbox 2123 2016 2405 2104; x_wconf 80' lang='lat' dir='ltr'>superet?</span> <span class='ocrx_word' id='word_1_119' title='bbox 2505 2018 2584 2082; x_wconf 87' lang='lat' dir='ltr'><em>Et</em></span> <span class='ocrx_word' id='word_1_120' title='bbox 2636 2019 2739 2104; x_wconf 87' lang='lat' dir='ltr'><em>qui</em></span> 
     </span>
     <span class='ocr_line' id='line_1_15' title="bbox 569 2122 2742 2211; baseline -0 -23"><span class='ocrx_word' id='word_1_121' title='bbox 569 2197 573 2202; x_wconf 42' lang='grc'>,</span> <span class='ocrx_word' id='word_1_122' title='bbox 611 2126 824 2188; x_wconf 83' lang='lat' dir='ltr'>venter</span> <span class='ocrx_word' id='word_1_123' title='bbox 857 2123 1052 2187; x_wconf 81' lang='lat' dir='ltr'>carnis</span> <span class='ocrx_word' id='word_1_124' title='bbox 1085 2126 1198 2203; x_wconf 85' lang='lat' dir='ltr'>est,</span> <span class='ocrx_word' id='word_1_125' title='bbox 1247 2123 1349 2208; x_wconf 86' lang='lat' dir='ltr'><em>qui</em></span> <span class='ocrx_word' id='word_1_126' title='bbox 1396 2122 1755 2209; x_wconf 84' lang='lat' dir='ltr'>splendores</span> <span class='ocrx_word' id='word_1_127' title='bbox 1786 2124 1940 2189; x_wconf 88' lang='lat' dir='ltr'>lucis</span> <span class='ocrx_word' id='word_1_128' title='bbox 1994 2126 2203 2208; x_wconf 79' lang='lat' dir='ltr'>gignat</span> <span class='ocrx_word' id='word_1_129' title='bbox 2236 2128 2303 2189; x_wconf 91' lang='lat' dir='ltr'><em>ut</em></span> <span class='ocrx_word' id='word_1_130' title='bbox 2348 2126 2507 2190; x_wconf 87' lang='lat' dir='ltr'>hunc</span> <span class='ocrx_word' id='word_1_131' title='bbox 2540 2125 2742 2211; x_wconf 85' lang='lat' dir='ltr'>splen—</span> 
     </span>
     <span class='ocr_line' id='line_1_16' title="bbox 611 2227 2736 2318; baseline 0.001 -26"><span class='ocrx_word' id='word_1_132' title='bbox 611 2227 859 2293; x_wconf 88' lang='lat' dir='ltr'>didum?</span> <span class='ocrx_word' id='word_1_133' title='bbox 949 2228 1078 2312; x_wconf 81' lang='lat' dir='ltr'><em>Ego</em></span> <span class='ocrx_word' id='word_1_134' title='bbox 1127 2250 1261 2293; x_wconf 87' lang='lat' dir='ltr'>sum</span> <span class='ocrx_word' id='word_1_135' title='bbox 1308 2230 1532 2294; x_wconf 78' lang='lat' dir='ltr'>misera</span> <span class='ocrx_word' id='word_1_136' title='bbox 1554 2232 1605 2314; x_wconf 82' lang='lat'><em>⁴)</em></span> <span class='ocrx_word' id='word_1_137' title='bbox 1664 2234 1727 2295; x_wconf 81' lang='lat' dir='ltr'>et</span> <span class='ocrx_word' id='word_1_138' title='bbox 1797 2231 1986 2297; x_wconf 83' lang='lat' dir='ltr'>stulta</span> <span class='ocrx_word' id='word_1_139' title='bbox 2042 2253 2236 2317; x_wconf 85' lang='lat' dir='ltr'>neque</span> <span class='ocrx_word' id='word_1_140' title='bbox 2284 2231 2613 2318; x_wconf 82' lang='lat' dir='ltr'>prudenter</span> <span class='ocrx_word' id='word_1_141' title='bbox 2656 2231 2736 2296; x_wconf 80' lang='lat' dir='ltr'><em>ad</em></span> 
     </span>
    </p>
   </div>
   <div class='ocr_carea' id='block_1_3' title="bbox 625 2375 1049 2384">
    <p class='ocr_par' dir='ltr' id='par_1_3' title="bbox 625 2375 1049 2384">
     <span class='ocr_line' id='line_1_17' title="bbox 625 2375 1049 2384; baseline 0 2600"><span class='ocrx_word' id='word_1_142' title='bbox 625 2375 1049 2384; x_wconf 95' lang='lat' dir='ltr'><em> </em></span> 
     </span>
    </p>
   </div>
   <div class='ocr_carea' id='block_1_4' title="bbox 769 2397 1230 2508">
    <p class='ocr_par' dir='ltr' id='par_1_4' title="bbox 769 2397 1230 2508">
     <span class='ocr_line' id='line_1_18' title="bbox 769 2397 1230 2508; baseline 0 -11"><span class='ocrx_word' id='word_1_143' title='bbox 769 2442 812 2508; x_wconf 87' lang='lat'><em>¹)</em></span> <span class='ocrx_word' id='word_1_144' title='bbox 846 2397 1070 2498; x_wconf 83' lang='lat' dir='ltr'>v.·Dan.</span> <span class='ocrx_word' id='word_1_145' title='bbox 1110 2441 1159 2507; x_wconf 88' lang='lat'><em>5,</em></span> <span class='ocrx_word' id='word_1_146' title='bbox 1179 2443 1230 2498; x_wconf 86' lang='lat'><em>6.</em></span> 
     </span>
    </p>
   </div>
   <div class='ocr_carea' id='block_1_5' title="bbox 770 2553 2735 2640">
    <p class='ocr_par' dir='ltr' id='par_1_5' title="bbox 770 2553 2735 2640">
     <span class='ocr_line' id='line_1_19' title="bbox 770 2553 2735 2640; baseline 0 -14"><span class='ocrx_word' id='word_1_147' title='bbox 770 2569 812 2635; x_wconf 77' lang='lat'><em>²)</em></span> <span class='ocrx_word' id='word_1_148' title='bbox 851 2555 1109 2626; x_wconf 45' lang='lat' dir='ltr'>enak:</span> <span class='ocrx_word' id='word_1_149' title='bbox 1163 2553 1340 2627; x_wconf 48' lang='lat' dir='ltr'>Q</span> <span class='ocrx_word' id='word_1_150' title='bbox 1377 2566 1558 2622; x_wconf 83' lang='lat' dir='ltr'>reddit</span> <span class='ocrx_word' id='word_1_151' title='bbox 1594 2563 1673 2628; x_wconf 65' lang='lat'><em>125</em></span> <span class='ocrx_word' id='word_1_152' title='bbox 1694 2564 1757 2626; x_wconf 67' lang='lat'><em>‘78</em></span> <span class='ocrx_word' id='word_1_153' title='bbox 1778 2584 1871 2626; x_wconf 50' lang='lat'><em>5:27</em></span> <span class='ocrx_word' id='word_1_154' title='bbox 1891 2569 2046 2639; x_wconf 80' lang='lat' dir='ltr'>[Gen.</span> <span class='ocrx_word' id='word_1_155' title='bbox 2068 2569 2153 2634; x_wconf 80' lang='lat'><em>24,</em></span> <span class='ocrx_word' id='word_1_156' title='bbox 2176 2570 2267 2640; x_wconf 79' lang='lat'><em>45]</em></span> <span class='ocrx_word' id='word_1_157' title='bbox 2290 2572 2345 2625; x_wconf 84' lang='lat' dir='ltr'>et</span> <span class='ocrx_word' id='word_1_158' title='bbox 2363 2564 2404 2629; x_wconf 70' lang='lat'><em>“7</em></span> <span class='ocrx_word' id='word_1_159' title='bbox 2428 2565 2490 2638; x_wconf 60' lang='grc' dir='ltr'><em>ὃν</em></span> <span class='ocrx_word' id='word_1_160' title='bbox 2512 2571 2560 2638; x_wconf 92' lang='lat' dir='ltr'><em>[l</em></span> <span class='ocrx_word' id='word_1_161' title='bbox 2586 2569 2735 2626; x_wconf 83' lang='lat' dir='ltr'><strong>Sam.</strong></span> 
     </span>
    </p>
   </div>
   <div class='ocr_carea' id='block_1_6' title="bbox 615 2670 2754 4296">
    <p class='ocr_par' dir='ltr' id='par_1_6' title="bbox 623 2670 1755 2748">
     <span class='ocr_line' id='line_1_20' title="bbox 623 2670 1755 2748; baseline 0 -17"><span class='ocrx_word' id='word_1_162' title='bbox 623 2676 770 2747; x_wconf 85' lang='lat'>1.13]</span> <span class='ocrx_word' id='word_1_163' title='bbox 805 2678 861 2730; x_wconf 78' lang='lat' dir='ltr'>et</span> <span class='ocrx_word' id='word_1_164' title='bbox 896 2670 1007 2734; x_wconf 62' lang='lat'><strong><em>³:252</em></strong></span> <span class='ocrx_word' id='word_1_165' title='bbox 1049 2676 1154 2747; x_wconf 76' lang='lat' dir='ltr'>[Pe.</span> <span class='ocrx_word' id='word_1_166' title='bbox 1198 2676 1282 2744; x_wconf 89' lang='lat'><em>15,</em></span> <span class='ocrx_word' id='word_1_167' title='bbox 1307 2677 1359 2732; x_wconf 82' lang='lat'><em>2.</em></span> <span class='ocrx_word' id='word_1_168' title='bbox 1397 2675 1539 2732; x_wconf 84' lang='lat' dir='ltr'>Eccl.</span> <span class='ocrx_word' id='word_1_169' title='bbox 1578 2677 1627 2741; x_wconf 84' lang='lat'><em>2,</em></span> <span class='ocrx_word' id='word_1_170' title='bbox 1653 2678 1755 2748; x_wconf 88' lang='lat'><em>15].</em></span> 
     </span>
    </p>

    <p class='ocr_par' dir='ltr' id='par_1_7' title="bbox 615 2765 2754 4296">
     <span class='ocr_line' id='line_1_21' title="bbox 689 2765 2750 2835; baseline 0.003 -15"><span class='ocrx_word' id='word_1_171' title='bbox 689 2789 692 2792; x_wconf 47' lang='lat'><strong>⁴</strong></span> <span class='ocrx_word' id='word_1_172' title='bbox 771 2765 816 2835; x_wconf 75' lang='lat'><em>⁸)</em></span> <span class='ocrx_word' id='word_1_173' title='bbox 852 2765 968 2820; x_wconf 76' lang='lat' dir='ltr'>Hae</span> <span class='ocrx_word' id='word_1_174' title='bbox 1005 2766 1254 2833; x_wconf 83' lang='lat' dir='ltr'>querelae</span> <span class='ocrx_word' id='word_1_175' title='bbox 1291 2766 1599 2820; x_wconf 79' lang='lat' dir='ltr'>Asenethae</span> <span class='ocrx_word' id='word_1_176' title='bbox 1633 2765 1691 2819; x_wconf 81' lang='lat' dir='ltr'>i&#39;n</span> <span class='ocrx_word' id='word_1_177' title='bbox 1727 2771 1766 2820; x_wconf 76' lang='lat' dir='ltr'><em>t.</em></span> <span class='ocrx_word' id='word_1_178' title='bbox 1807 2767 1897 2822; x_wconf 86' lang='lat' dir='ltr'><em>Gr.</em></span> <span class='ocrx_word' id='word_1_179' title='bbox 1936 2769 2106 2822; x_wconf 82' lang='lat' dir='ltr'>multo</span> <span class='ocrx_word' id='word_1_180' title='bbox 2152 2768 2371 2823; x_wconf 74' lang='lat' dir='ltr'>latiores</span> <span class='ocrx_word' id='word_1_181' title='bbox 2408 2771 2559 2823; x_wconf 70' lang='lat' dir='ltr'>sunt:</span> <span class='ocrx_word' id='word_1_182' title='bbox 2616 2775 2750 2827; x_wconf 78' lang='grc' dir='ltr'><em>οὐαί</em></span> 
     </span>
     <span class='ocr_line' id='line_1_22' title="bbox 617 2856 2751 2934; baseline 0.001 -20"><span class='ocrx_word' id='word_1_183' title='bbox 617 2881 710 2926; x_wconf 83' lang='grc' dir='ltr'><em>μοι</em></span> <span class='ocrx_word' id='word_1_184' title='bbox 729 2861 792 2933; x_wconf 81' lang='grc' dir='ltr'><em>τῇ</em></span> <span class='ocrx_word' id='word_1_185' title='bbox 814 2859 988 2931; x_wconf 71' lang='grc' dir='ltr'><em>ἀθλία,</em></span> <span class='ocrx_word' id='word_1_186' title='bbox 1027 2864 1236 2914; x_wconf 82' lang='grc' dir='ltr'><em>ποῦ·νῦν</em></span> <span class='ocrx_word' id='word_1_187' title='bbox 1274 2856 1381 2928; x_wconf 75' lang='grc' dir='ltr'><em>ἐγὼ</em></span> <span class='ocrx_word' id='word_1_188' title='bbox 1400 2861 1761 2926; x_wconf 79' lang='grc' dir='ltr'><em>ἀπελεύσομαι</em></span> <span class='ocrx_word' id='word_1_189' title='bbox 1796 2863 1830 2931; x_wconf 85' lang='grc' dir='ltr'><em>ἡ</em></span> <span class='ocrx_word' id='word_1_190' title='bbox 1881 2862 2191 2932; x_wconf 86' lang='grc' dir='ltr'><em>ταπλάωρος</em></span> <span class='ocrx_word' id='word_1_191' title='bbox 2226 2866 2259 2931; x_wconf 84' lang='grc' dir='ltr'>ἢ</span> <span class='ocrx_word' id='word_1_192' title='bbox 2308 2868 2411 2916; x_wconf 83' lang='grc' dir='ltr'><em>ποῦ</em></span> <span class='ocrx_word' id='word_1_193' title='bbox 2448 2866 2751 2934; x_wconf 80' lang='grc' dir='ltr'><em>ἀποκρυβή-</em></span> 
     </span>
     <span class='ocr_line' id='line_1_23' title="bbox 621 2951 2749 3023; baseline 0.002 -19"><span class='ocrx_word' id='word_1_194' title='bbox 621 2970 780 3016; x_wconf 85' lang='grc' dir='ltr'><em>σομαι</em></span> <span class='ocrx_word' id='word_1_195' title='bbox 816 2951 920 3004; x_wconf 84' lang='grc' dir='ltr'><em>ἀπὸ</em></span> <span class='ocrx_word' id='word_1_196' title='bbox 957 2951 1243 3020; x_wconf 80' lang='grc' dir='ltr'><em>προσώπου</em></span> <span class='ocrx_word' id='word_1_197' title='bbox 1294 2953 1488 3012; x_wconf 80' lang='grc' dir='ltr'><em>αὐτοῦ;</em></span> <span class='ocrx_word' id='word_1_198' title='bbox 1547 2951 1605 3004; x_wconf 79' lang='grc' dir='ltr'><em>εἴ</em></span> <span class='ocrx_word' id='word_1_199' title='bbox 1650 2971 1760 3013; x_wconf 87' lang='grc' dir='ltr'><em>πως</em></span> <span class='ocrx_word' id='word_1_200' title='bbox 1803 2953 1995 3020; x_wconf 80' lang='grc' dir='ltr'><em>ὄψεται</em></span> <span class='ocrx_word' id='word_1_201' title='bbox 2032 2955 2211 3023; x_wconf 79' lang='grc' dir='ltr'><em>ῖωσὴφ</em></span> <span class='ocrx_word' id='word_1_202' title='bbox 2248 2955 2278 3006; x_wconf 84' lang='grc' dir='ltr'><strong><em>ὁ</em></strong></span> <span class='ocrx_word' id='word_1_203' title='bbox 2316 2956 2423 3016; x_wconf 80' lang='grc' dir='ltr'><em>υἱὸς</em></span> <span class='ocrx_word' id='word_1_204' title='bbox 2459 2959 2553 3008; x_wconf 87' lang='grc' dir='ltr'><em>τοῦ</em></span> <span class='ocrx_word' id='word_1_205' title='bbox 2594 2955 2749 3016; x_wconf 84' lang='grc' dir='ltr'><em>θεοῦ,</em></span> 
     </span>
     <span class='ocr_line' id='line_1_24' title="bbox 624 3036 2752 3116; baseline 0.001 -20"><span class='ocrx_word' id='word_1_206' title='bbox 624 3043 752 3096; x_wconf 91' lang='grc' dir='ltr'><em>διότι</em></span> <span class='ocrx_word' id='word_1_207' title='bbox 771 3040 1033 3111; x_wconf 77' lang='grc' dir='ltr'><em>λελάληκα</em></span> <span class='ocrx_word' id='word_1_208' title='bbox 1058 3036 1181 3110; x_wconf 72' lang='grc' dir='ltr'><em>περὶ</em></span> <span class='ocrx_word' id='word_1_209' title='bbox 1213 3041 1380 3094; x_wconf 82' lang='grc' dir='ltr'><em>αὐτοῦ</em></span> <span class='ocrx_word' id='word_1_210' title='bbox 1416 3037 1669 3102; x_wconf 83' lang='grc' dir='ltr'><em>κακά,οι</em></span> <span class='ocrx_word' id='word_1_211' title='bbox 1705 3062 1796 3106; x_wconf 89' lang='grc' dir='ltr'><em>μοι</em></span> <span class='ocrx_word' id='word_1_212' title='bbox 1834 3045 1895 3116; x_wconf 79' lang='grc' dir='ltr'><em>τῇ</em></span> <span class='ocrx_word' id='word_1_213' title='bbox 1914 3043 2087 3116; x_wconf 56' lang='grc' dir='ltr'><em>ἀθλία,</em></span> <span class='ocrx_word' id='word_1_214' title='bbox 2130 3049 2230 3098; x_wconf 73' lang='lat'><strong><em>²105</em></strong></span> <span class='ocrx_word' id='word_1_215' title='bbox 2268 3045 2628 3110; x_wconf 82' lang='grc' dir='ltr'><em>ἀπελεύσομαι</em></span> <span class='ocrx_word' id='word_1_216' title='bbox 2662 3047 2752 3100; x_wconf 80' lang='grc' dir='ltr'><em>καὶ</em></span> 
     </span>
     <span class='ocr_line' id='line_1_25' title="bbox 626 3127 2754 3204; baseline 0.001 -18"><span class='ocrx_word' id='word_1_217' title='bbox 626 3127 958 3204; x_wconf 77' lang='grc' dir='ltr'><em>κρυβήσομαι</em></span> <span class='ocrx_word' id='word_1_218' title='bbox 997 3134 1100 3186; x_wconf 85' lang='grc' dir='ltr'><em>ἀπὸ</em></span> <span class='ocrx_word' id='word_1_219' title='bbox 1125 3133 1410 3201; x_wconf 84' lang='grc' dir='ltr'><em>προσώπου</em></span> <span class='ocrx_word' id='word_1_220' title='bbox 1431 3134 1612 3192; x_wconf 78' lang='grc' dir='ltr'><em>αὐτοῦ,</em></span> <span class='ocrx_word' id='word_1_221' title='bbox 1664 3135 1741 3187; x_wconf 85' lang='grc' dir='ltr'><em>ὅτι</em></span> <span class='ocrx_word' id='word_1_222' title='bbox 1765 3135 1930 3187; x_wconf 83' lang='grc' dir='ltr'><em>πᾶσαν</em></span> <span class='ocrx_word' id='word_1_223' title='bbox 1957 3136 2163 3204; x_wconf 75' lang='grc' dir='ltr'><em>ἀκριβεῖ</em></span> <span class='ocrx_word' id='word_1_224' title='bbox 2180 3135 2403 3197; x_wconf 78' lang='grc' dir='ltr'><em>αὐτὸς”</em></span> <span class='ocrx_word' id='word_1_225' title='bbox 2361 3155 2505 3204; x_wconf 87' lang='grc' dir='ltr'><em>ωραν</em></span> <span class='ocrx_word' id='word_1_226' title='bbox 2524 3137 2607 3189; x_wconf 82' lang='grc' dir='ltr'><em>καὶ</em></span> <span class='ocrx_word' id='word_1_227' title='bbox 2627 3138 2754 3189; x_wconf 82' lang='grc' dir='ltr'><em>πάν-</em></span> 
     </span>
     <span class='ocr_line' id='line_1_26' title="bbox 622 3222 2752 3295; baseline 0.001 -18"><span class='ocrx_word' id='word_1_228' title='bbox 622 3243 684 3277; x_wconf 90' lang='grc' dir='ltr'><em>τα</em></span> <span class='ocrx_word' id='word_1_229' title='bbox 699 3223 938 3291; x_wconf 80' lang='grc' dir='ltr'><em>γινώσκει</em></span> <span class='ocrx_word' id='word_1_230' title='bbox 956 3222 1039 3276; x_wconf 81' lang='grc' dir='ltr'><em>καὶ</em></span> <span class='ocrx_word' id='word_1_231' title='bbox 1059 3223 1215 3277; x_wconf 78' lang='grc' dir='ltr'><em>οὐδὲν</em></span> <span class='ocrx_word' id='word_1_232' title='bbox 1233 3224 1454 3293; x_wconf 76' lang='grc' dir='ltr'><em>κρυπτὸν</em></span> <span class='ocrx_word' id='word_1_233' title='bbox 1476 3223 1702 3292; x_wconf 68' lang='grc' dir='ltr'><em>λέληθεν</em></span> <span class='ocrx_word' id='word_1_234' title='bbox 1722 3225 1879 3278; x_wconf 74' lang='grc' dir='ltr'><em>αὐτὸν</em></span> <span class='ocrx_word' id='word_1_235' title='bbox 1901 3225 1987 3278; x_wconf 85' lang='grc' dir='ltr'><em>διὰ</em></span> <span class='ocrx_word' id='word_1_236' title='bbox 2009 3227 2069 3278; x_wconf 84' lang='grc' dir='ltr'><em>τὸ</em></span> <span class='ocrx_word' id='word_1_237' title='bbox 2091 3231 2208 3295; x_wconf 76' lang='grc' dir='ltr'><em>ςιῶς</em></span> <span class='ocrx_word' id='word_1_238' title='bbox 2228 3228 2289 3280; x_wconf 83' lang='grc' dir='ltr'><em>τὸ</em></span> <span class='ocrx_word' id='word_1_239' title='bbox 2312 3246 2454 3294; x_wconf 78' lang='grc' dir='ltr'><em>μεγα</em></span> <span class='ocrx_word' id='word_1_240' title='bbox 2474 3228 2533 3280; x_wconf 86' lang='grc' dir='ltr'><em>τὸ</em></span> <span class='ocrx_word' id='word_1_241' title='bbox 2556 3229 2613 3280; x_wconf 85' lang='grc' dir='ltr'><em>ὃν</em></span> <span class='ocrx_word' id='word_1_242' title='bbox 2632 3223 2752 3290; x_wconf 86' lang='grc' dir='ltr'><em>μετ’</em></span> 
     </span>
     <span class='ocr_line' id='line_1_27' title="bbox 617 3314 2752 3388; baseline 0.001 -20"><span class='ocrx_word' id='word_1_243' title='bbox 617 3317 797 3369; x_wconf 85' lang='grc' dir='ltr'><em>αὐτοῦ.</em></span> <span class='ocrx_word' id='word_1_244' title='bbox 819 3315 903 3368; x_wconf 77' lang='grc' dir='ltr'><em>καὶ</em></span> <span class='ocrx_word' id='word_1_245' title='bbox 924 3319 1008 3367; x_wconf 87' lang='grc' dir='ltr'><em>νῦν</em></span> <span class='ocrx_word' id='word_1_246' title='bbox 1029 3314 1182 3376; x_wconf 78' lang='grc' dir='ltr'><em>ἵλεώς</em></span> <span class='ocrx_word' id='word_1_247' title='bbox 1199 3333 1291 3380; x_wconf 87' lang='grc' dir='ltr'><em>μοι</em></span> <span class='ocrx_word' id='word_1_248' title='bbox 1329 3314 1504 3382; x_wconf 78' lang='grc' dir='ltr'><em>ἔωσὴφ</em></span> <span class='ocrx_word' id='word_1_249' title='bbox 1523 3316 1652 3368; x_wconf 80' lang='grc' dir='ltr'><strong><em>διότι</em></strong></span> <span class='ocrx_word' id='word_1_250' title='bbox 1678 3315 1940 3385; x_wconf 78' lang='grc' dir='ltr'><em>λελάληκα</em></span> <span class='ocrx_word' id='word_1_251' title='bbox 1961 3319 2069 3384; x_wconf 77' lang='grc' dir='ltr'><em>ἐγὼ</em></span> <span class='ocrx_word' id='word_1_252' title='bbox 2102 3319 2318 3388; x_wconf 84' lang='grc' dir='ltr'><em>ῥήματα</em></span> <span class='ocrx_word' id='word_1_253' title='bbox 2339 3318 2541 3387; x_wconf 86' lang='grc' dir='ltr'><em>πονηρὰ</em></span> <span class='ocrx_word' id='word_1_254' title='bbox 2580 3321 2633 3370; x_wconf 80' lang='grc' dir='ltr'><em>ἐν</em></span> <span class='ocrx_word' id='word_1_255' title='bbox 2653 3320 2752 3385; x_wconf 75' lang='grc' dir='ltr'><em>ἀγ-</em></span> 
     </span>
     <span class='ocr_line' id='line_1_28' title="bbox 621 3399 2751 3478; baseline 0.001 -20"><span class='ocrx_word' id='word_1_256' title='bbox 621 3406 730 3478; x_wconf 74' lang='grc' dir='ltr'><em>νοίᾳ</em></span> <span class='ocrx_word' id='word_1_257' title='bbox 750 3405 868 3475; x_wconf 78' lang='grc' dir='ltr'><em>περὶ</em></span> <span class='ocrx_word' id='word_1_258' title='bbox 895 3405 1074 3457; x_wconf 76' lang='grc' dir='ltr'><em>αὐτοῦ.</em></span> <span class='ocrx_word' id='word_1_259' title='bbox 1102 3405 1267 3457; x_wconf 91' lang='grc' dir='ltr'><em>τοίνυν</em></span> <span class='ocrx_word' id='word_1_260' title='bbox 1287 3399 1393 3471; x_wconf 78' lang='grc' dir='ltr'><em>ἐγὼ</em></span> <span class='ocrx_word' id='word_1_261' title='bbox 1419 3403 1626 3472; x_wconf 73' lang='grc' dir='ltr'><em>ὄψομαι</em></span> <span class='ocrx_word' id='word_1_262' title='bbox 1648 3406 1680 3473; x_wconf 84' lang='grc' dir='ltr'><em>ἡ</em></span> <span class='ocrx_word' id='word_1_263' title='bbox 1700 3407 2049 3475; x_wconf 75' lang='grc' dir='ltr'><em>ταλαίπωρος,</em></span> <span class='ocrx_word' id='word_1_264' title='bbox 2071 3409 2203 3478; x_wconf 78' lang='grc' dir='ltr'><em>οὐχί,</em></span> <span class='ocrx_word' id='word_1_265' title='bbox 2225 3407 2503 3476; x_wconf 83' lang='grc' dir='ltr'><em>λελάληκα,</em></span> <span class='ocrx_word' id='word_1_266' title='bbox 2526 3409 2633 3469; x_wconf 80' lang='grc' dir='ltr'><em>υἱὸς</em></span> <span class='ocrx_word' id='word_1_267' title='bbox 2652 3414 2751 3461; x_wconf 82' lang='grc' dir='ltr'><em>τοῦ</em></span> 
     </span>
     <span class='ocr_line' id='line_1_29' title="bbox 620 3487 2752 3572; baseline 0 -23"><span class='ocrx_word' id='word_1_268' title='bbox 620 3497 863 3560; x_wconf 81' lang='grc' dir='ltr'><em>ποιμένος</em></span> <span class='ocrx_word' id='word_1_269' title='bbox 884 3495 1058 3564; x_wconf 82' lang='grc' dir='ltr'><em>ἷωσὴφ</em></span> <span class='ocrx_word' id='word_1_270' title='bbox 1077 3491 1286 3566; x_wconf 72' lang='grc' dir='ltr'><em>ἔρχεται</em></span> <span class='ocrx_word' id='word_1_271' title='bbox 1309 3497 1366 3548; x_wconf 81' lang='grc' dir='ltr'><em>ἐκ</em></span> <span class='ocrx_word' id='word_1_272' title='bbox 1382 3501 1480 3563; x_wconf 66' lang='grc' dir='ltr'><em>γῆς</em></span> <span class='ocrx_word' id='word_1_273' title='bbox 1507 3487 1740 3566; x_wconf 75' lang='grc' dir='ltr'><em>χανᾶαν;</em></span> <span class='ocrx_word' id='word_1_274' title='bbox 1780 3501 1865 3549; x_wconf 83' lang='grc' dir='ltr'><em>νῦν</em></span> <span class='ocrx_word' id='word_1_275' title='bbox 1904 3497 1995 3550; x_wconf 78' lang='grc' dir='ltr'><em>οὖν</em></span> <span class='ocrx_word' id='word_1_276' title='bbox 2036 3500 2110 3560; x_wconf 83' lang='grc' dir='ltr'><em>ὡς</em></span> <span class='ocrx_word' id='word_1_277' title='bbox 2134 3494 2277 3572; x_wconf 65' lang='grc' dir='ltr'><em>ἥλιος</em></span> <span class='ocrx_word' id='word_1_278' title='bbox 2310 3501 2366 3551; x_wconf 79' lang='grc' dir='ltr'><em>ἐκ</em></span> <span class='ocrx_word' id='word_1_279' title='bbox 2385 3503 2480 3551; x_wconf 83' lang='grc' dir='ltr'><em>τοῦ</em></span> <span class='ocrx_word' id='word_1_280' title='bbox 2517 3500 2752 3568; x_wconf 71' lang='grc' dir='ltr'><em>οὐρανοῦ</em></span> 
     </span>
     <span class='ocr_line' id='line_1_30' title="bbox 618 3585 2743 3657; baseline 0.001 -19"><span class='ocrx_word' id='word_1_281' title='bbox 618 3586 730 3656; x_wconf 80' lang='grc' dir='ltr'><em>ἣκει</em></span> <span class='ocrx_word' id='word_1_282' title='bbox 770 3585 901 3653; x_wconf 86' lang='grc' dir='ltr'><em>πρὸς</em></span> <span class='ocrx_word' id='word_1_283' title='bbox 936 3585 1076 3653; x_wconf 76' lang='grc' dir='ltr'><em>ἡμᾶς</em></span> <span class='ocrx_word' id='word_1_284' title='bbox 1113 3586 1168 3636; x_wconf 82' lang='grc' dir='ltr'><em>ἐν</em></span> <span class='ocrx_word' id='word_1_285' title='bbox 1206 3585 1278 3654; x_wconf 81' lang='grc' dir='ltr'><em>τῷ</em></span> <span class='ocrx_word' id='word_1_286' title='bbox 1314 3585 1506 3653; x_wconf 81' lang='grc' dir='ltr'><em>ἅρματι</em></span> <span class='ocrx_word' id='word_1_287' title='bbox 1545 3585 1711 3638; x_wconf 79' lang='grc' dir='ltr'><em>αὐτοῦ</em></span> <span class='ocrx_word' id='word_1_288' title='bbox 1749 3587 1831 3640; x_wconf 72' lang='grc' dir='ltr'><em>καὶ</em></span> <span class='ocrx_word' id='word_1_289' title='bbox 1869 3587 2115 3656; x_wconf 71' lang='grc' dir='ltr'><em>εἰσῆλθεν</em></span> <span class='ocrx_word' id='word_1_290' title='bbox 2155 3589 2228 3649; x_wconf 82' lang='grc' dir='ltr'><em>εἷς</em></span> <span class='ocrx_word' id='word_1_291' title='bbox 2265 3589 2355 3656; x_wconf 88' lang='grc' dir='ltr'><em>τὴν</em></span> <span class='ocrx_word' id='word_1_292' title='bbox 2394 3590 2555 3641; x_wconf 74' lang='grc' dir='ltr'><em>οὶκίαν</em></span> <span class='ocrx_word' id='word_1_293' title='bbox 2590 3590 2743 3657; x_wconf 82' lang='grc' dir='ltr'><em>ἡμῶν</em></span> 
     </span>
     <span class='ocr_line' id='line_1_31' title="bbox 618 3673 2750 3746; baseline 0.001 -18"><span class='ocrx_word' id='word_1_294' title='bbox 618 3675 852 3745; x_wconf 82' lang='grc' dir='ltr'><em>σήμερον</em></span> <span class='ocrx_word' id='word_1_295' title='bbox 889 3673 971 3741; x_wconf 80' lang='grc' dir='ltr'><em>καὶ</em></span> <span class='ocrx_word' id='word_1_296' title='bbox 1008 3673 1198 3738; x_wconf 83' lang='grc' dir='ltr'><em>λάμπει</em></span> <span class='ocrx_word' id='word_1_297' title='bbox 1236 3676 1311 3738; x_wconf 79' lang='grc' dir='ltr'><em>εἷς</em></span> <span class='ocrx_word' id='word_1_298' title='bbox 1349 3675 1510 3744; x_wconf 78' lang='grc' dir='ltr'><em>αὐτὴν</em></span> <span class='ocrx_word' id='word_1_299' title='bbox 1548 3677 1623 3738; x_wconf 78' lang='grc' dir='ltr'><em>ὡς</em></span> <span class='ocrx_word' id='word_1_300' title='bbox 1661 3681 1779 3744; x_wconf 84' lang='grc' dir='ltr'><em>φῶς</em></span> <span class='ocrx_word' id='word_1_301' title='bbox 1815 3679 1897 3730; x_wconf 80' lang='grc' dir='ltr'><em>ἐπὶ</em></span> <span class='ocrx_word' id='word_1_302' title='bbox 1933 3683 2025 3746; x_wconf 87' lang='grc' dir='ltr'><em>τῆς</em></span> <span class='ocrx_word' id='word_1_303' title='bbox 2060 3684 2173 3746; x_wconf 77' lang='grc' dir='ltr'><strong><em>γῆς.</em></strong></span> <span class='ocrx_word' id='word_1_304' title='bbox 2226 3675 2331 3746; x_wconf 74' lang='grc' dir='ltr'><em>ἐγὼ</em></span> <span class='ocrx_word' id='word_1_305' title='bbox 2374 3679 2433 3731; x_wconf 84' lang='grc' dir='ltr'><em>δὲ</em></span> <span class='ocrx_word' id='word_1_306' title='bbox 2473 3677 2657 3746; x_wconf 79' lang='grc' dir='ltr'><em>ἄφρων</em></span> <span class='ocrx_word' id='word_1_307' title='bbox 2677 3680 2750 3731; x_wconf 78' lang='grc' dir='ltr'><em>εῖ-</em></span> 
     </span>
     <span class='ocr_line' id='line_1_32' title="bbox 619 3751 2744 3840; baseline 0.001 -22"><span class='ocrx_word' id='word_1_308' title='bbox 619 3765 678 3831; x_wconf 81' lang='grc' dir='ltr'><em>μὶ</em></span> <span class='ocrx_word' id='word_1_309' title='bbox 732 3766 817 3818; x_wconf 86' lang='grc' dir='ltr'><em>καὶ</em></span> <span class='ocrx_word' id='word_1_310' title='bbox 871 3756 1098 3834; x_wconf 64' lang='grc' dir='ltr'><em>θρασεῖα</em></span> <span class='ocrx_word' id='word_1_311' title='bbox 1153 3766 1230 3818; x_wconf 83' lang='grc' dir='ltr'><em>ὅτι</em></span> <span class='ocrx_word' id='word_1_312' title='bbox 1286 3751 1617 3826; x_wconf 78' lang='grc' dir='ltr'><em>ἐξουδένωσα</em></span> <span class='ocrx_word' id='word_1_313' title='bbox 1672 3768 1843 3827; x_wconf 77' lang='grc' dir='ltr'><em>αὐτὸν,</em></span> <span class='ocrx_word' id='word_1_314' title='bbox 1902 3769 1985 3821; x_wconf 82' lang='grc' dir='ltr'><em>καὶ</em></span> <span class='ocrx_word' id='word_1_315' title='bbox 2023 3768 2255 3837; x_wconf 80' lang='grc' dir='ltr'><em>ἐλάλησα</em></span> <span class='ocrx_word' id='word_1_316' title='bbox 2287 3769 2501 3840; x_wconf 80' lang='grc' dir='ltr'><em>ῥήματα</em></span> <span class='ocrx_word' id='word_1_317' title='bbox 2539 3769 2744 3837; x_wconf 82' lang='grc' dir='ltr'><em>πονηρὰ</em></span> 
     </span>
     <span class='ocr_line' id='line_1_33' title="bbox 619 3847 2747 3930; baseline 0.001 -21"><span class='ocrx_word' id='word_1_318' title='bbox 619 3854 730 3909; x_wconf 82' lang='grc' dir='ltr'><em>κατ’</em></span> <span class='ocrx_word' id='word_1_319' title='bbox 768 3857 949 3915; x_wconf 81' lang='grc' dir='ltr'><em>αὐτοῦ,</em></span> <span class='ocrx_word' id='word_1_320' title='bbox 988 3847 1086 3908; x_wconf 66' lang='grc' dir='ltr'><strong><em>καῖ</em></strong></span> <span class='ocrx_word' id='word_1_321' title='bbox 1109 3856 1204 3909; x_wconf 72' lang='grc' dir='ltr'><em>οὐκ</em></span> <span class='ocrx_word' id='word_1_322' title='bbox 1241 3855 1394 3915; x_wconf 83' lang='grc' dir='ltr'><em>εἶδον,</em></span> <span class='ocrx_word' id='word_1_323' title='bbox 1416 3853 1493 3910; x_wconf 82' lang='grc' dir='ltr'><em>ὅτι</em></span> <span class='ocrx_word' id='word_1_324' title='bbox 1531 3859 1706 3926; x_wconf 77' lang='grc' dir='ltr'><em>ἔωσὴφ</em></span> <span class='ocrx_word' id='word_1_325' title='bbox 1726 3859 1835 3920; x_wconf 80' lang='grc' dir='ltr'><em>υἱὸς</em></span> <span class='ocrx_word' id='word_1_326' title='bbox 1853 3859 1987 3911; x_wconf 71' lang='grc' dir='ltr'><em>θεοῦ</em></span> <span class='ocrx_word' id='word_1_327' title='bbox 2025 3861 2173 3912; x_wconf 83' lang='grc' dir='ltr'><em>ἐστιν.</em></span> <span class='ocrx_word' id='word_1_328' title='bbox 2197 3863 2271 3920; x_wconf 85' lang='grc' dir='ltr'><em>τίς</em></span> <span class='ocrx_word' id='word_1_329' title='bbox 2306 3859 2412 3930; x_wconf 76' lang='grc' dir='ltr'><em>γὰρ</em></span> <span class='ocrx_word' id='word_1_330' title='bbox 2449 3859 2747 3928; x_wconf 70' lang='grc' dir='ltr'><em>ἀνθρώπων</em></span> 
     </span>
     <span class='ocr_line' id='line_1_34' title="bbox 624 3947 2751 4019; baseline 0.001 -19"><span class='ocrx_word' id='word_1_331' title='bbox 624 3947 705 4000; x_wconf 79' lang='grc' dir='ltr'><em>ἐπὶ</em></span> <span class='ocrx_word' id='word_1_332' title='bbox 743 3952 842 4014; x_wconf 77' lang='grc' dir='ltr'><em>γῆς</em></span> <span class='ocrx_word' id='word_1_333' title='bbox 876 3947 1115 4015; x_wconf 75' lang='grc' dir='ltr'><em>γεννήσει</em></span> <span class='ocrx_word' id='word_1_334' title='bbox 1150 3947 1276 3999; x_wconf 89' lang='grc' dir='ltr'><em>ποτὲ</em></span> <span class='ocrx_word' id='word_1_335' title='bbox 1314 3952 1549 4000; x_wconf 82' lang='grc' dir='ltr'><em>τοιοῦτον</em></span> <span class='ocrx_word' id='word_1_336' title='bbox 1568 3948 1781 4010; x_wconf 83' lang='grc' dir='ltr'><em>κάλλος;</em></span> <span class='ocrx_word' id='word_1_337' title='bbox 1818 3951 1852 4019; x_wconf 87' lang='grc' dir='ltr'>ἢ</span> <span class='ocrx_word' id='word_1_338' title='bbox 1892 3954 2013 4002; x_wconf 84' lang='grc' dir='ltr'><em>ποῖα</em></span> <span class='ocrx_word' id='word_1_339' title='bbox 2048 3951 2287 4018; x_wconf 77' lang='grc' dir='ltr'><em>γυναικὸς</em></span> <span class='ocrx_word' id='word_1_340' title='bbox 2341 3949 2505 4002; x_wconf 82' lang='grc' dir='ltr'><em>κοιλία</em></span> <span class='ocrx_word' id='word_1_341' title='bbox 2543 3949 2751 4009; x_wconf 72' lang='grc' dir='ltr'><em>τέξεται</em></span> 
     </span>
     <span class='ocr_line' id='line_1_35' title="bbox 620 4033 2751 4111; baseline 0 -19"><span class='ocrx_word' id='word_1_342' title='bbox 620 4042 852 4094; x_wconf 84' lang='grc' dir='ltr'><em>τοιοῦτον</em></span> <span class='ocrx_word' id='word_1_343' title='bbox 910 4036 1050 4104; x_wconf 75' lang='grc' dir='ltr'><em>φῶςς</em></span> <span class='ocrx_word' id='word_1_344' title='bbox 1111 4037 1440 4106; x_wconf 87' lang='grc' dir='ltr'><em>ταλαίπωρος</em></span> <span class='ocrx_word' id='word_1_345' title='bbox 1479 4033 1586 4107; x_wconf 80' lang='grc' dir='ltr'><em>ἐγὼ</em></span> <span class='ocrx_word' id='word_1_346' title='bbox 1626 4036 1810 4108; x_wconf 81' lang='grc' dir='ltr'><em>ἄφρων</em></span> <span class='ocrx_word' id='word_1_347' title='bbox 1866 4042 1943 4092; x_wconf 82' lang='grc' dir='ltr'><em>ὅτι</em></span> <span class='ocrx_word' id='word_1_348' title='bbox 1979 4039 2243 4107; x_wconf 81' lang='grc' dir='ltr'><em>λελάληκα</em></span> <span class='ocrx_word' id='word_1_349' title='bbox 2281 4035 2355 4111; x_wconf 81' lang='grc' dir='ltr'><em>τῷ</em></span> <span class='ocrx_word' id='word_1_350' title='bbox 2408 4043 2589 4108; x_wconf 87' lang='grc' dir='ltr'><em>πατέρι</em></span> <span class='ocrx_word' id='word_1_351' title='bbox 2640 4060 2751 4105; x_wconf 87' lang='grc' dir='ltr'><em>μου</em></span> 
     </span>
     <span class='ocr_line' id='line_1_36' title="bbox 615 4125 2746 4203; baseline 0.002 -21"><span class='ocrx_word' id='word_1_352' title='bbox 615 4131 834 4201; x_wconf 75' lang='grc' dir='ltr'><em>ῥήματα</em></span> <span class='ocrx_word' id='word_1_353' title='bbox 867 4127 1089 4196; x_wconf 84' lang='grc' dir='ltr'><em>πονηρὰ.</em></span> <span class='ocrx_word' id='word_1_354' title='bbox 1129 4132 1215 4181; x_wconf 83' lang='grc' dir='ltr'><em>νῦν</em></span> <span class='ocrx_word' id='word_1_355' title='bbox 1261 4127 1352 4181; x_wconf 80' lang='grc' dir='ltr'><em>οὖν</em></span> <span class='ocrx_word' id='word_1_356' title='bbox 1389 4129 1526 4182; x_wconf 83' lang='grc' dir='ltr'><em>δότω</em></span> <span class='ocrx_word' id='word_1_357' title='bbox 1563 4149 1632 4194; x_wconf 86' lang='grc' dir='ltr'><em>με</em></span> <span class='ocrx_word' id='word_1_358' title='bbox 1671 4125 1839 4203; x_wconf 81' lang='grc' dir='ltr'><em>πατήρ</em></span> <span class='ocrx_word' id='word_1_359' title='bbox 1874 4135 1983 4195; x_wconf 85' lang='grc' dir='ltr'><em>μοῦ</em></span> <span class='ocrx_word' id='word_1_360' title='bbox 2020 4131 2192 4200; x_wconf 70' lang='lat' dir='ltr'><em>lma-3750</em></span> <span class='ocrx_word' id='word_1_361' title='bbox 2246 4132 2321 4192; x_wconf 80' lang='grc' dir='ltr'><em>εἰς</em></span> <span class='ocrx_word' id='word_1_362' title='bbox 2358 4133 2621 4201; x_wconf 68' lang='grc' dir='ltr'><em>παιδίσκην</em></span> <span class='ocrx_word' id='word_1_363' title='bbox 2658 4133 2746 4186; x_wconf 79' lang='grc' dir='ltr'><em>καὶ</em></span> 
     </span>
     <span class='ocr_line' id='line_1_37' title="bbox 619 4213 2321 4296; baseline -0.002 -23"><span class='ocrx_word' id='word_1_364' title='bbox 619 4222 694 4282; x_wconf 78' lang='grc' dir='ltr'><em>εἷς</em></span> <span class='ocrx_word' id='word_1_365' title='bbox 730 4219 922 4288; x_wconf 81' lang='grc' dir='ltr'><em>δούλην</em></span> <span class='ocrx_word' id='word_1_366' title='bbox 957 4213 1162 4282; x_wconf 77' lang='grc' dir='ltr'><em>μᾶλλον</em></span> <span class='ocrx_word' id='word_1_367' title='bbox 1215 4218 1297 4270; x_wconf 80' lang='grc' dir='ltr'><em>καὶ</em></span> <span class='ocrx_word' id='word_1_368' title='bbox 1337 4219 1608 4273; x_wconf 77' lang='grc' dir='ltr'><em>δουλεύσω</em></span> <span class='ocrx_word' id='word_1_369' title='bbox 1645 4220 1787 4294; x_wconf 79' lang='grc' dir='ltr'><em>αὐτῷ</em></span> <span class='ocrx_word' id='word_1_370' title='bbox 1812 4222 1887 4282; x_wconf 82' lang='grc' dir='ltr'><em>εἷς</em></span> <span class='ocrx_word' id='word_1_371' title='bbox 1922 4220 2086 4274; x_wconf 69' lang='grc' dir='ltr'><em>αἰῶνα</em></span> <span class='ocrx_word' id='word_1_372' title='bbox 2113 4221 2321 4296; x_wconf 82' lang='grc' dir='ltr'><em>χρόνον.</em></span> 
     </span>
    </p>
   </div>
   <div class='ocr_carea' id='block_1_7' title="bbox 784 4301 1295 4416">
    <p class='ocr_par' dir='ltr' id='par_1_8' title="bbox 784 4301 1295 4416">
     <span class='ocr_line' id='line_1_38' title="bbox 784 4301 1295 4416; baseline -0.008 -1"><span class='ocrx_word' id='word_1_373' title='bbox 784 4341 827 4414; x_wconf 79' lang='lat'><em>⁴&gt;</em></span> <span class='ocrx_word' id='word_1_374' title='bbox 866 4301 986 4416; x_wconf 63' lang='lat' dir='ltr'><em>lege</em></span> <span class='ocrx_word' id='word_1_375' title='bbox 1049 4327 1295 4410; x_wconf 53' lang='grc' dir='ltr'><em>ΜΔ..</em></span> 
     </span>
    </p>
   </div>
  </div>
 </body>
</html>
