3067 4984
1445 427 1889 504 ...ης-.-

603 613 933 697 virginiS,¹)
980 633 1236 698 quarum
1293 635 1412 678 una
1480 615 1690 701 ampla
1762 623 1823 683 et
1891 618 2048 684 atrio
2118 619 2297 684 obvia
2354 627 2484 688 erat
2554 628 2616 688 et
2659 624 2723 687 in

599 721 895 787 orientem
925 720 1114 788 solem
1137 769 1140 774 -
1163 721 1502 807 spectabat,
1537 722 1734 788 altera
1756 724 1817 788 in
1856 723 2169 790 meridiem
2196 728 2507 810 vergebat,
2540 731 2725 794 tertia

601 829 659 892 in
713 828 1159 913 septentriones
1205 828 1270 892 in
1324 828 1594 914 plateam
1666 830 2005 916 spectabat,
2062 836 2129 899 ut
2155 835 2205 919 ²)
2261 840 2719 920 praetereuntes

601 933 792 1002 videri
839 939 1110 1020 possent.
1201 933 1545 1020 Lectusque
1592 938 1833 1002 omnino
1891 938 1980 1025 [p.
2031 939 2143 1025 20]
2202 962 2423 1006 aureus
2471 942 2583 1006 sub
2632 942 2721 1006 fe·-

595 1046 804 1108 nestra
837 1041 1114 1125 orientali
1161 1042 1396 1128 posit-us
1443 1043 1502 1106 in
1551 1042 1952 1109 velaminibus
1984 1043 2309 1132 Aegyptiis
2354 1069 2503 1114 auro
2534 1049 2725 1126 textis

601 1154 664 1215 et
686 1171 977 1237 purpura,
1026 1168 1202 1214 cocco
1229 1155 1296 1214 et
1325 1150 1508 1234 bysso
1536 1155 1765 1216 stratus
1804 1157 1956 1233 erat,
2002 1153 2063 1216 in
2110 1173 2229 1238 quo
2259 1153 2535 1220 Aseneth
2560 1153 2724 1220 ‘dor-

593 1256 824 1322 miebat
877 1277 1072 1342 neque
1153 1277 1457 1349 umquam·
1500 1257 1595 1324 vir
1617 1259 1666 1343 3)
1732 1259 2065 1344 quieverat.
2158 1259 2239 1326 Et
2292 1261 2437 1326 aula
2492 1283 2717 1346 magna

595 1365 749 1430 hanc
795 1363 1044 1429 domum
1089 1363 1462 1446 circumibat,
1519 1369 1583 1429 et
1637 1365 1843 1431 aulam
1889 1387 2099 1432 murus
2162 1367 2469 1454 lapidibus
2512 1369 2718 1435 ,caesis

593 1471 794 1538 valide
851 1475 1233 1537 constructus
1293 1472 1593 1554 cingebat,
1666 1476 1728 1537 et
1782 1477 2073 1557 quattuor
2127 1478 2343 1559 portae
2389 1474 2551 1541 ferro
2606 1475 2713 1540 ob-

599 1578 816 1645 ductae
861 1578 924 1642 in
954 1577 1095 1642 aula
1122 1585 1315 1660 erant,
1364 1599 1517 1664 quas
1564 1577 1985 1644 adolescentes
2040 1579 2453 1665 duodeviginti
2497 1583 2719 1648 armati

593 1684 1032 1751 cust-odiebant.
1124 1684 1444 1771 Aulaeque
1488 1685 1743 1751 arbores
1786 1687 1991 1752 variae
2043 1688 2375 1773 pomiferae
2415 1688 2647 1754 fructus
2660 1691 2711 1773 ⁴)

588 1794 856 1860 aestivos
901 1796 1278 1858 maturantes
1326 1791 1760 1874 adhaerebant,
1820 1797 1883 1858 et
1928 1793 1987 1857 in
2045 1792 2261 1859 dextra
2305 1794 2483 1860 aulae
2538 1800 2711 1882 parte

589 1903 722 1966 erat
764 1900 902 1964 fons
947 1919 1142 1984 aquae
1205 1900 1381 1967 vivae
1405 1901 1455 1985 ⁵)
1523 1902 1587 1965 et
1631 1899 1788 1964 infra
1855 1899 2089 1966 fontem
2135 1901 2398 1966 cisterna
2419 1904 2469 1986 ⁶)
2516 1922 2711 1987 aquae

589 2008 786 2089 vivae,
845 2029 918 2072 ex
963 2027 1086 2092 qua
1153 2005 1438 2092 prodibat
1481 2005 1727 2088 flumen,
1798 2005 1960 2091 quod
2014 2028 2126 2093 per
2192 2007 2459 2092 mediam
2506 2007 2709 2072 aulam

589 2114 781 2180 fluens
828 2135 1038 2180 omnes
1079 2113 1330 2179 arbores
1374 2112 1639 2196 rigabat.
1653 2115 1704 2198 ⁷)

763 2221 925 2286 Anni
955 2219 1136 2307 primi
1168 2226 1408 2306 septem
1437 2219 1737 2286 ubertatis
1768 2240 2064 2286 annorum
2094 2219 2191 2288 die
2214 2219 2697 2287 duodevicesimo

584 2329 813 2394 mensis
857 2329 1057 2413 quarti
1089 2327 1321 2414 Joseph
1365 2326 1446 2392 ad
1474 2326 1761 2392 horreum
1805 2326 1972 2392 urbis
2005 2325 2345 2413 Heliopolis
2392 2329 2699 2414 profectus

584 2440 699 2518 est,
769 2455 908 2501 cum
962 2435 1335 2500 frumentum
1391 2438 1631 2520 septem
1684 2434 1983 2500 ubertatis
2038 2453 2334 2498 annorum
2388 2434 2699 2518 colligeret

581 2548 766 2628 atque
812 2545 1224 2626 congregaret.
1317 2540 1397 2606 Et
1443 2560 1581 2605 cum
1626 2539 1931 2628 Heliopoli
1979 2540 2113 2605 urbi
2159 2541 2694 2628 appropinquaret,

585 2647 904 2715 duodecim
925 2645 1089 2715 viros
1119 2647 1200 2713 ad
1222 2647 1620 2735 Putipharem
1644 2647 2025 2714 sacerdotem
2057 2648 2375 2734 praemisit
2398 2646 2695 2734 dixitque:

586 2755 729 2838 „Ad
785 2760 847 2822 te
902 2754 1173 2839 meridie,
1242 2758 1520 2843 tempore
1570 2754 1870 2837 vescendi,
1928 2755 2187 2836 veniam,
2257 2759 2325 2820 ut
2379 2753 2456 2818 ab
2526 2756 2697 2818 aestu

581 2861 855 2928 meridiei
887 2861 1049 2928 domi
1093 2867 1234 2928 tuae
1265 2865 1707 2949 requiescam“.
1801 2861 1975 2940 Quod
2020 2884 2156 2928 cum
2186 2860 2484 2948 Putiphar
2528 2859 2697 2924 audi-

582 2970 790 3052 visset,
859 2969 1126 3034 maxima
1178 2970 1414 3036 laetitia
1480 2969 1762 3036 affectus:
1859 2969 2263 3050 „Benedictus
2322 2970 2419 3049 sit,
2478 2966 2692 3052 inquit,

582 3075 750 3142 Deus
795 3075 1066 3163 Josephi,
1138 3076 1302 3164 quod
1354 3099 1452 3143 me
1521 3077 1631 3142 illa
1684 3099 1749 3143 re
1819 3075 2066 3161 dignum
2119 3075 2352 3162 ‚Ioseph
2419 3072 2697 3139 dominus

577 3205 752 3250 meus
781 3184 1104 3270 putabat“.
1196 3183 1403 3271 Atque
1434 3183 1732 3270 Putiphar
1777 3183 2157 3270 praefectum
2189 3181 2407 3248 domus
2452 3179 2695 3247 vocavit

721 3399 763 3470 1)
783 3404 863 3466 „In
919 3399 1008 3454 Gr.
1069 3390 1234 3454 etiam
1281 3397 1444 3452 verba
1505 3399 1785 3467 leguntur:
1860 3403 1993 3456 ὅπου
2042 3402 2297 3470 ἐτρέφετο
2344 3400 2377 3470 ἡ
2432 3399 2683 3469 παρθενίη

573 3490 750 3566 αὐτῆς.
1453 3543 1459 3549 .

731 3581 773 3646 2)
811 3579 960 3634 Haec
995 3579 1162 3633 verba
1197 3577 1256 3632 in
1289 3581 1330 3633 t.
1368 3577 1460 3634 Gr.
1499 3577 1711 3632 desunt.

720 3689 762 3756 ³)
799 3729 813 3743 .
854 3729 873 3743 .
909 3730 921 3742 .
959 3691 991 3762 ᾖ
1028 3691 1156 3759 γυνὴ
1193 3692 1352 3759 ἑτέρα
1391 3725 1404 3740 .
1445 3729 1460 3743 .
1501 3731 1512 3742 .
1551 3690 1680 3758 πλὴν
1716 3695 1810 3760 τῆς
1849 3690 2043 3743 doen&
2079 3690 2260 3758 μόνης.

717 3797 758 3864 ⁴)
796 3802 1048 3871 πεπείρου
1084 3799 1233 3863 ὄντος
1267 3805 1361 3881 τοῦ
1397 3803 1602 3868 καρποῦ
1638 3801 1826 3859 αὐτοῦ,
1861 3799 2039 3868 καιρὸς
2073 3799 2179 3868 γὰρ
2217 3791 2281 3867 ἦν
2317 3797 2585 3866 θεριςμοῦ.

719 3907 763 3970 ¹⁵)
799 3904 908 3960 Jer.
937 3904 1086 3969 2,13.
1125 3903 1259 3960 Gen.
1297 3905 1384 3968 26,
1427 3903 1509 3958 19.

717 4015 758 4082 ο-)
794 4017 934 4079 λινός
968 4016 1175 4086 μεγάλη
1214 4017 1469 4088 δεχομένη
1509 4017 1568 4068 τὸ
1607 4014 1752 4084 ὕδωρ
1789 4019 1880 4083 τῆς
1916 4019 2085 4082 πηγῆς
2121 4014 2332 4080 ἐκείνης,
2392 4009 2521 4064 ἔνθα
2566 4011 2685 4064 ἐπο-

572 4109 766 4179 ρεύετο
793 4147 805 4159 .
837 4149 848 4160 .
876 4147 887 4158 .
961 4103 1135 4157 Huius
1169 4101 1556 4158 enuntiationis
1594 4103 1773 4156 cetera
1808 4100 1975 4155 verba
2010 4098 2399 4162 desiderantur,
2439 4097 2531 4152 sed
2569 4095 2676 4164 pri·

581 4195 746 4250 mitus
781 4194 1013 4262 legenda
1047 4193 1284 4247 fuerunt.

722 4302 762 4370 7)
801 4302 869 4359 cf.
907 4301 1038 4358 Gen.
1076 4301 1129 4372 2,
1171 4300 1256 4358 10.
