3067 4984
1432 338 1692 452 -4‘3
1788 419 1871 431 .-

595 563 815 630 intui'ta
869 561 1075 628 locuta
1131 565 1254 628 est:
1349 561 1693 645 „Dominus
1747 562 1871 644 ille,
1928 563 2030 646 qui
2086 583 2185 627 me
2242 581 2276 626 e
2331 564 2531 627 morte
2583 562 2717 626 ani-

569 671 782 737 ·mavit
828 675 1013 754 atque
1061 669 1242 736 dixitt
1292 669 1559 757 „Anima
1606 675 1715 736 tua
1759 671 1817 734 in
1850 673 2144 735 aeternun
2174 669 2405 751 vivet“,
2451 689 2551 734 me
2598 669 2715 733 eri-

578 782 718 867 ‘piat
763 798 838 844 ac
880 771 1105 842 liberet
1149 799 1188 841 a
1227 765 1436 861 gladio
1487 777 1757 845 virorum
1814 776 2058 842 illorum
2118 774 2712 842 fraudulentorum.“

583 887 698 966 Qui
763 906 902 952 cum
958 905 1174 973 preces
1227 883 1583 950 Asenethae
1648 883 2048 966 audivissent,
2102 882 2297 968 gladii
2368 905 2441 949 ex
2496 905 2709 950 eorum

580 993 862 1060 manibus
908 1013 1093 1080 super
1115 996 1346 1058 terram
1389 991 1450 1056 in
1498 991 1818 1078 pulverem
1848 991 2008 1079 lapsi
2054 997 2216 1074 sunt,
2265 996 2328 1057 et
2374 995 2704 1077 postquam

579 1102 688 1168 filii
733 1100 922 1167 Balae
980 1104 1044 1166 et
1095 1098 1363 1186 Zelphae
1421 1101 1537 1165 hoc
1592 1098 1894 1182 viderunt,
1950 1097 2131 1165 valde
2198 1101 2379 1166 veriti
2434 1120 2507 1165 ac
2558 1121 2704 1186 per-

566 1209 808 1276 ·turbati
863 1211 1006 1274 sunt
1059 1211 1123 1273 et
1179 1205 1462 1273 dixerunt
1475 1209 1557 1293 ¹):
1651 1207 1785 1290 „Re
1832 1229 1979 1274 vera
2031 1206 2331 1274 Dominus
2386 1207 2703 1274 nobiscum

585 1338 698 1406 pro
754 1315 1072 1382 Asenetha
1139 1313 1390 1380 dimicat
1403 1316 1524 1401 ¹).“
1624 1314 1696 1379 In
1763 1319 1998 1380 terram
2067 1335 2134 1380 se
2203 1316 2587 1402 proiecerunt
2642 1319 2709 1380 et

575 1423 985 1490 adoraverunt
1031 1425 1094 1486 et
1137 1421 1388 1488 allocuti
1433 1425 1577 1488 sunt
1607 1420 2017 1487 Asenetham:
2090 1420 2418 1504 „Miserere
2466 1427 2528 1488 et
2558 1443 2703 1488 con-

572 1529 736 1597 dona
789 1529 984 1596 servis
1030 1529 1172 1610 tuis,
1221 1526 1388 1612 quod
1432 1525 1679 1593 domina
1733 1535 1946 1593 nostra
1998 1528 2209 1612 regina
2262 1532 2383 1610 est3
2458 1533 2523 1594 et
2589 1550 2703 1594 nos

569 1637 740 1703 mala
781 1638 844 1701 in
887 1641 953 1702 te
997 1636 1275 1717 fecimuS,
1296 1690 1300 1694 .
1323 1635 1434 1702 sed
1477 1632 1779 1701 Dominus
1832 1635 2007 1701 nobis
2057 1636 2147 1723 [p.
2198 1637 2313 1723 45]
2362 1634 2699 1702 secundum

575 1765 762 1832 opera
806 1748 1018 1810 nostra
1047 1741 1314 1810 reddidit
1323 1745 1414 1828 ³),
1445 1763 1517 1809 ac
1562 1763 1721 1809 nunc
1765 1743 1879 1810 tibi
1925 1744 2362 1832 supplicamuS,
2408 1745 2701 1810 miserere

570 1853 774 1918 nostri·
837 1856 901 1919 et
957 1873 1029 1917 ex
1085 1850 1368 1916 manibus
1426 1851 1689 1917 fratrum
1742 1856 2093 1918 nostrorum
2142 1873 2340 1934 serva,
2413 1853 2575 1936 quia·
2602 1851 2695 1917 illi

565 1964 797 2047 poenas
847 1958 1102 2024 iniuriae
1150 1961 1291 2024 tuae
1355 1962 1713 2045 expetentes
1770 1957 2010 2042 gladios
2056 1971 2201 2025 suos
2246 1961 2309 2024 in
2352 1980 2463 2025 nos
2510 1979 2693 2047 para-

556 2070 852 2135 ·verunt.“
899 2065 1130 2144 Quibus
1173 2065 1481 2132 Aseneth:
1542 2065 1866 2149 „Animosi
1910 2072 2063 2150 este,
2110 2068 2325 2152 inquit,
2374 2071 2437 2132 et
2484 2089 2522 2132 a
2565 2067 2692 2132 fra-

563 2173 762 2240 tribus
805 2174 1028 2241 vestris
1073 2173 1262 2239 nolite
1307 2175 1545 2256 timere,
1618 2172 1783 2258 quod
1827 2173 1919 2240 illi
1948 2172 2151 2240 Deum
2196 2174 2466 2241 colentes
2508 2195 2686 2241 vere-

566 2280 786 2348 cundia
850 2283 915 2346 in
983 2302 1227 2347 omnem
1293 2281 1603 2348 hominem
1682 2286 1953 2348 utuntur.
2069 2283 2141 2348 In
2209 2281 2438 2349 saltum
2505 2281 2689 2349 vallis

565 2389 960 2471 revertimini,
1037 2387 1230 2456 donec
1299 2407 1508 2455 eorum
1580 2389 1642 2454 in
1718 2410 1829 2456 vos
1900 2388 2276 2458 iracundiam
2344 2389 2687 2471 leniverim,

561 2497 850 2583 quoniam
895 2495 1094 2562 multa
1138 2495 1304 2560 mala
1347 2517 1460 2584 per
1490 2494 1809 2564 audaciam
1855 2497 2108 2580 fecistiS,
2156 2497 2265 2566 sed
2314 2498 2536 2584 inter⁴)
2582 2517 2685 2563 me

563 2609 627 2671 et
689 2624 801 2672 vos
844 2601 1144 2670 Dominus
1194 2601 1486 2670 iudicet.“
1580 2605 1789 2688 Atque
1844 2603 1981 2672 Gad
2036 2606 2287 2689 eiusque
2341 2605 2565 2670 fratres
2621 2605 2688 2669 in

561 2711 790 2778 saltum
818 2711 1126 2796 fugerunt,
1175 2717 1240 2778 et
1283 2733 1362 2778 en
1405 2712 1512 2777 filii
1542 2711 1689 2779 Liae
1736 2717 2051 2779 currentes
2097 2711 2474 2780 advenerunt
2518 2716 2681 2777 tam-

560 2841 749 2905 quam
815 2818 1086 2885 hinnulei
1153 2839 1490 2888 cervorum.
1584 2818 1855 2898 Quorum
1912 2821 1973 2887 in
2043 2841 2361 2888 occursum
2405 2819 2687 2886 Aseneth

562 2925 878 2996 descendit
923 2931 988 2992 et
1032 2925 1282 3014 plorans
1325 2927 1400 2992 iis
1445 2949 1697 2994 manum
1741 2927 2042 3014 praebuit.
2134 2929 2234 2994 Illi
2260 2913 2487 2994 'autem
2532 2927 2691 2993 ceci-

561 3034 784 3101 derunt
827 3037 892 3100 et
934 3018 1112 3121 proni
1164 3035 1228 3100 in
1271 3038 1504 3100 terram
1549 3034 1960 3104 adoraverunt
2016 3042 2079 3103 et
2123 3056 2415 3120 magnum
2470 3033 2689 3100 fletum

560 3143 878 3210 duxerunt.
970 3139 1127 3206 Cum
1173 3147 1382 3208 autem
1426 3142 1584 3209 filios
1630 3143 1819 3210 Baiae
1866 3149 1931 3210 et
1960 3143 2229 3231 Zelphae
2276 3144 2685 3231 postularent,

559 3249 834 3316 Aseneth
883 3247 964 3314 ad
1032 3269 1137 3315 eos
1203 3249 1409 3316 locuta
1477 3254 1604 3316 est:
1698 3250 2050 3334 „Omittite,
2120 3275 2371 3338 quaeSO,
2440 3275 2547 3320 eos
2618 3262 2688 3321 et

555 3358 789 3438 malum
835 3377 948 3444 pro
993 3355 1158 3422 malo
1203 3357 1392 3424 nolite
1438 3356 1720 3440 reddere3
1784 3365 1851 3425 et
1892 3359 2209 3426 Dominus·
2237 3363 2385 3427 mihi
2430 3383 2541 3448 pro
2590 3363 2685 3428 eis

553 3459 902 3545 benefecit,
932 3464 1036 3548 qui
1090 3485 1189 3530 me
1247 3464 1325 3531 ab
1379 3465 1456 3532 iis
1485 3465 1790 3532 ‘liberavit
1847 3474 1910 3534 et
1967 3468 2138 3533 humi
2183 3468 2418 3552 gladios
2465 3489 2683 3535 eorum

560 3575 724 3656 iecit3
778 3573 936 3639 sicut
959 3576 1167 3637 autem
1201 3592 1340 3638 cera
1355 3574 1410 3660 ⁶)
1450 3581 1500 3670 a·
1517 3575 1678 3642 facie
1710 3577 1865 3660 ignis
1912 3575 2064 3658 fluit,
2113 3576 2394 3664 dissipati
2406 3579 2457 3663 ⁶)
2506 3582 2677 3659 sunt3

705 3770 750 3839 ¹)
785 3770 908 3839 lege
980 3758 1220 3852 ορδοίο.

697 3879 744 3948 ²)
779 3879 879 3939 Ex.
920 3880 1113 3951 14,14.

621 4025 630 4045 ,
704 3971 747 4036 ⁸)
784 3969 941 4028 Ptov.
977 3971 1178 4046 24,12.
1212 3971 1304 4029 29.
1372 3971 1481 4028 σοι)
1517 3972 1606 4036 34,
1634 3969 1715 4027 11.

569 4043 614 4051 ’”
697 4043 1434 4130 ⁴)1'Sanh.24,13.16.“'
1515 4041 1532 4052 ‘
1806 4047 1812 4051 ’

701 4187 744 4256 ⁸)
777 4186 865 4245 Pu.
905 4187 992 4254 68,
1014 4189 1049 4242 8
1086 4188 1180 4258 (2).
1251 4185 1416 4244 nich.
1455 4190 1505 4254 1,
1524 4189 1577 4243 4.
1668 4188 1711 4258 θ)
1748 4175 2107 4266 loge&
