3067 4984
1177 427 1619 494 --41-

345 601 627 666 manibus
697 599 867 666 ducis
915 601 1286 666 exercituum
1349 601 1589 667 Excolsi
1644 603 1789 668 mihi
1858 604 2033 690 panis
2081 602 2242 670 vitae
2289 598 2469 668 datus

355 713 451 773 est
528 715 590 774 et
656 707 942 795 poculum
1012 710 1376 794 sapientiae,
1448 714 1510 774 et
1588 710 1643 774 ei
1719 731 1941 796 sponsa
2025 711 2086 774 in
2153 713 2469 776 aeternum

345 816 504 880 facta
554 821 756 880 sum.“

497 921 687 1000 ⁴Quae
745 929 1075 1010 postquam
1131 929 1308 1007 gesta·
1363 929 1524 1004 sunt,
1596 931 1835 1010 septem
1854 927 1905 1010 ¹)
1960 924 2259 990 ubertatis
2326 923 2470 988 anni

345 1031 811 1116 praeterierunt,
866 1033 928 1096 et
974 1035 1211 1116 septem
1289 1032 1524 1118 inopiae
1595 1032 1734 1096 anni
1812 1033 2470 1118 appropinquaverunt.

353 1136 432 1200 Et
478 1136 670 1202 Jacob
718 1135 794 1202 de
839 1136 1106 1224 Josepho
1155 1138 1276 1204 filio
1335 1159 1444 1202 suo
1491 1137 1745 1220 audivit,
1804 1143 1865 1204 et
1910 1139 2105 1204 Israel
2160 1138 2470 1224 profectus

344 1251 406 1310 et
462 1245 522 1309 in
578 1244 931 1332 Aegyptum
989 1265 1127 1310 cum
1185 1245 1464 1312 omnibus
1519 1245 1686 1311 domi
1742 1267 1888 1312 suae
1944 1248 2104 1312 natis
2161 1247 2470 1330 ingressus

342 1357 436 1417 est
483 1350 579 1418 die
625 1353 912 1420 vicesimo
959 1373 1078 1418 uno
1125 1354 1354 1420 mensis
1402 1352 1648 1419 secundi
1695 1355 1837 1418 anni
1884 1352 2133 1420 secundi
2176 1354 2359 1418 famis
2406 1360 2469 1418 et

340 1461 402 1523 in
448 1465 614 1525 terra
645 1458 880 1525 Gesson
927 1459 1248 1526 habitavit.
1341 1459 1631 1546 Dixitque
1664 1443 1942 1527 Aseneth
1988 1461 2067 1526 ad
2098 1460 2134 1525 J
2139 1461 2464 1547 osephum:

342 1566 494 1648 „Ibo
551 1570 613 1632 et
659 1565 876 1632 videbo
924 1566 1218 1632 Israelem
1263 1572 1506 1654 patrem
1562 1576 1755 1649 tuum,
1804 1569 1907 1652 qui
1962 1569 2111 1634 mihi
2156 1572 2254 1634 est
2304 1573 2465 1633 tam-

341 1693 528 1758 quam
594 1671 828 1738 Deus.“
945 1672 1174 1758 Aitque
1241 1673 1500 1762 Joseph:
1607 1673 1885 1755 „Mecum
1953 1681 2195 1762 patrem
2264 1695 2468 1740 meum

341 1778 646 1860 videbis“;
702 1786 764 1844 et
808 1778 1040 1867 Joseph
1071 1779 1468 1866 Asenethque
1515 1781 1576 1846 in
1623 1780 1859 1848 Gessen
1906 1787 2220 1864 venerunt,
2270 1789 2333 1847 et
2380 1781 2468 1846 eis

345 1885 599 1974 Josephi
630 1887 851 1952 fratres
884 1887 1126 1952 obviam
1157 1888 1399 1953 iverunt
1443 1889 1532 1974 [p.
1569 1890 1679 1974 39]
1714 1895 1775 1955 et
1808 1883 1913 1955 eos
1944 1890 2118 1976 proni
2148 1890 2211 1953 in
2238 1894 2468 1955 terram

341 1992 769 2059 adoraverunt.
863 1992 1372 2080 intraveruntque
1427 1994 1507 2060 ad
1554 1995 1851 2061 Jacobum
1908 2018 2093 2083 super
2138 1997 2301 2063 lectu
2357 2016 2466 2061 suo

341 2102 404 2166 in
449 2105 761 2166 senectute
813 2100 970 2166 bona
983 2101 1037 2186 ²)
1093 2101 1430 2167 sedentem.
1524 2102 1717 2180 Quem
1763 2103 2039 2170 Aseneth
2090 2105 2315 2168 intuita
2358 2101 2467 2167 ad-

344 2209 566 2273 mirata·
612 2213 726 2290 est,
774 2205 936 2291 quod
967 2206 1156 2273 Jacob
1203 2207 1458 2295 pulchra
1499 2209 1702 2296 specie
1728 2215 1880 2285 erat,
1915 2214 1977 2275 et
2024 2211 2153 2276 eius
2185 2217 2466 2276 senectus

339 2313 853 2402 pulchritudinem
884 2314 1169 2381 iuvenum
1203 2314 1663 2402 splendidorum
1694 2317 2050 2404 superabat.
2144 2317 2224 2384 Et
2280 2321 2465 2404 caput

337 2423 467 2487 eius
500 2426 633 2486 erat
664 2422 818 2486 sicut
863 2422 964 2485 nix
995 2425 1058 2487 et
1104 2422 1360 2508 capillus
1394 2421 1620 2488 densus
1645 2429 1715 2490 ut
1746 2445 1963 2508 avena,
2014 2429 2077 2491 et
2109 2425 2463 2491 extremitas

341 2528 568 2594 barbae
600 2526 891 2594 candidae
933 2527 1014 2593 ad
1060 2529 1187 2594 eius
1233 2534 1446 2614 pectus
1493 2529 1924 2614 descendebat,
1974 2539 2036 2599 et
2067 2532 2225 2598 oculi
2254 2531 2403 2598 laeti
2415 2534 2466 2617 ³)

337 2642 401 2702 et
445 2634 750 2719 fulgentes
797 2641 858 2702 et
902 2635 1188 2702 maxillae
1221 2637 1349 2702 eius
1397 2642 1459 2702 et
1504 2637 1739 2704 humeri
1781 2643 1843 2704 et
1887 2639 2137 2706 brachia
2182 2641 2243 2705 in
2274 2640 2461 2704 firmi-

343 2748 472 2810 tate
519 2748 694 2808 erant
739 2748 808 2808 ut
854 2744 1087 2830 species
1134 2743 1334 2828 angeli
1389 2750 1452 2811 et
1497 2746 1732 2812 femora
1788 2766 2081 2833 cruraque
2130 2749 2260 2813 eius
2304 2752 2464 2813 tam-

340 2871 526 2937 quam
557 2850 671 2916 viri
719 2851 912 2915 fortis.
983 2849 1189 2936 Atque
1223 2857 1353 2917 erat
1384 2851 1652 2919 Jacobus
1697 2857 1768 2918 ut
1797 2855 1909 2937 vir,
1957 2855 2062 2941 qui
2093 2875 2230 2920 cum
2260 2853 2391 2919 Deo
2414 2856 2465 2939 ⁴)

335 2957 649 3044 pugnavit.
719 2955 913 3035 Quem
960 2977 1098 3022 cum
1142 2956 1419 3024 Aseneth
1463 2957 1721 3040 videret,
1770 2961 2116 3047 stupefacta
2161 2982 2353 3048 prona
2399 2963 2461 3026 in

339 3072 568 3130 terram
616 3063 914 3131 adoravit.
1011 3065 1292 3151 Dixitque
1344 3065 1533 3132 Jacob
1590 3068 1670 3133 ad
1714 3066 2080 3154 Josephum:
2175 3068 2464 3150 „Haecne

338 3193 526 3237 nurus
556 3193 694 3237 mea
728 3193 877 3237 uxor
907 3184 1015 3237 tua
1049 3172 1179 3238 est?
1264 3173 1591 3240 Benedicta
1623 3180 1691 3240 tu
1722 3173 1855 3241 Deo
1888 3175 2191 3243 excelso.“
2269 3175 2463 3254 Quam

339 3279 532 3344 Jacob
580 3278 658 3344 ad
706 3301 772 3345 se
819 3281 1062 3346 vocavit
1108 3287 1170 3346 et
1218 3281 1522 3347 benedixit
1570 3287 1632 3347 et
1679 3282 1990 3348 osculatus
2037 3288 2155 3364 est3
2211 3288 2273 3350 et
2305 3285 2463 3350 Ase-

339 3387 486 3452 neth
541 3408 759 3452 manus
807 3409 950 3453 suas
1005 3389 1275 3474 porrexit
1329 3395 1389 3453 et
1463 3389 1691 3454 collum
1738 3389 1948 3457 Jacobi
2003 3391 2381 3477 amplectens
2427 3413 2465 3456 a

337 3500 504 3560 terra.
551 3493 632 3558 ad
679 3517 819 3559 eum
866 3516 932 3559 se
980 3495 1189 3577 erexit,
1238 3496 1409 3580 quasi
1451 3498 1651 3579 quiex
1682 3497 1842 3563 bello
1888 3500 1947 3564 in
1996 3497 2243 3562 domum
2289 3520 2463 3563 suam

333 3606 478 3686 post
522 3601 786 3666 multum
831 3606 1074 3687 tempus
1121 3600 1295 3667 redit.
1390 3601 1616 3668 Post-ea
1664 3602 1918 3670 ederunt
1962 3626 2033 3670 ac
2066 3609 2456 3691 potaverunt3

340 3711 404 3772 et
459 3705 690 3793 Joseph
745 3711 806 3772 et
851 3706 1123 3773 Aseneth
1193 3710 1453 3796 profecti
1509 3714 1673 3792 sunt,
1743 3717 1812 3777 ut
1869 3712 2119 3777 domum
2174 3711 2459 3780 redirent.

335 3813 500 3891 Quos
557 3814 828 3879 comita-ti
885 3821 1026 3880 sunt
1083 3815 1185 3879 filii
1244 3816 1390 3883 Liae
1446 3819 1561 3883 soli
1609 3819 1951 3904 fratresque
2003 3818 2284 3907 Josephi,
2357 3819 2465 3885 filii

489 3958 528 4023 l)
566 3957 700 4013 Gen.
739 3955 826 4020 41,
865 3957 950 4012 53.
988 3956 1074 4012 54.

479 4047 524 4116 ¹)
563 4047 698 4102 Gen.
737 4045 822 4110 25,
845 4046 896 4102 8.

481 4155 524 4224 ⁸)
563 4156 682 4224 lege
763 4161 1059 4252 <25:330

482 4263 526 4334 ⁴)
560 4261 625 4317 V.
665 4261 796 4322 Gen.
833 4266 920 4332 32,
939 4264 1028 4322 29.
