3067 4984
329 528 392 592 et
436 525 552 590 hoc
593 525 668 591 iis
717 525 874 591 satis
933 525 1015 590 sit
1031 526 1104 611 ¹),
1167 525 1327 608 quod
1382 523 1682 592 Dominus
1729 527 1939 591 contra
1984 545 2089 592 eos
2142 526 2457 611 pugnavit.

330 632 412 698 Et
459 653 569 699 vos
615 632 802 716 igitur
849 633 936 698 eis
984 630 1342 716 condonate,
1391 633 1677 716 quoniam
1721 634 1915 700 vestri
1960 632 2184 698 fratres
2240 634 2302 697 et
2346 631 2453 696 filii

331 740 578 806 Israelis
624 741 820 827 patris
866 741 1055 806 vestri
1101 744 1307 805 sunt.“
1399 738 1512 805 Oui
1554 739 1801 806 Simeon
1845 737 2187 826 respondit:
2287 736 2455 821 „Cur

329 847 580 912 domina
623 849 838 912 nostra
893 846 1051 912 bona
1103 869 1215 934 pro
1261 847 1522 913 inimicis
1582 848 1707 912 suis
1752 845 2059 933 loquitur?
2148 845 2287 912 Non
2332 844 2450 911 ita!

329 953 774 1020 Interficiamus
821 957 883 1020 et
911 953 1244 1041 perdamus
1292 976 1397 1022 eos
1443 955 1559 1021 hoc
1606 952 1830 1038 gladio,
1878 952 2040 1041 quod
2084 953 2172 1018 illi
2218 955 2452 1040 priores

328 1059 750 1127 fraudulenter
792 1063 856 1126 in
899 1083 1013 1128 nos
1061 1066 1315 1146 egerunt
1347 1067 1410 1128 et
1453 1064 1516 1128 in
1564 1061 1860 1128 Israelem
1902 1065 2145 1150 patrem
2176 1065 2453 1128 nostrum

332 1172 396 1236 et
434 1171 494 1234 in
540 1167 872 1257 Josephum
921 1169 1176 1236 fratrem
1230 1172 1352 1235 iam
1407 1171 1635 1236 iterum
1682 1174 1866 1255 atque
1911 1170 1975 1234 in
2020 1172 2104 1250 te,
2162 1191 2303 1235 mea
2346 1167 2452 1235 do-

331 1277 518 1358 mina,
563 1297 719 1359 quae
766 1275 943 1342 hodie
990 1277 1165 1342 nobis
1209 1277 1540 1365 imperat.“
1633 1277 1713 1343 Et
1759 1276 2035 1343 Aseneth
2081 1297 2265 1341 manu
2312 1277 2455 1342 sub-

327 1383 458 1448 lata
508 1383 639 1449 eius
685 1383 938 1450 barbam
960 1386 1009 1470 ²)
1065 1385 1379 1471 prehensit
1433 1388 1618 1471 atque
1676 1407 1815 1451 eum
1871 1385 2147 1453 osculata
2192 1386 2257 1450 et
2302 1383 2455 1450 allo-

332 1494 474 1558 cuta
542 1494 666 1557 est:
772 1490 1091 1575 „Minime,
1137 1493 1328 1558 frater
1373 1499 1601 1574 noster,
1671 1493 1793 1557 noli
1838 1493 2069 1558 malum
2115 1512 2227 1579 pro
2296 1492 2459 1556 malo

332 1597 617 1680 reddere,
686 1597 946 1665 Domino
1033 1599 1179 1665 cede
1259 1600 1485 1666 ultione
1568 1603 1815 1666 iniuriae
1882 1603 2153 1680 nostrae3
2235 1599 2460 1665 fratres

341 1707 503 1772 enim
549 1707 742 1772 nostri
789 1709 932 1772 sunt
987 1709 1050 1772 et
1093 1708 1417 1794 propinqui
1472 1709 1666 1796 patris
1712 1709 1904 1774 nostri
1960 1712 2023 1774 et
2066 1708 2351 1790 fugerunt
2397 1710 2460 1772 et

339 1836 377 1880 a
408 1817 737 1901 conspectu
770 1818 977 1880 vestro
1021 1814 1513 1882 abscesseruntf‘
1605 1815 1699 1881 Ac
1746 1815 1895 1881 Levi
1942 1817 1996 1881 ei
2029 1815 2461 1902 propinquavit

337 1926 400 1987 et
444 1944 694 1988 manum
750 1923 880 1988 eius
926 1921 1205 1987 dextram
1261 1925 1425 2009 cepit
1471 1928 1533 1990 et
1580 1924 1889 1990 osculatus
1937 1926 2051 2004 est,
2113 1925 2180 1987 ut
2219 1921 2459 1988 intelle-

339 2033 514 2114 geret
556 2030 714 2096 huno
759 2030 1024 2096 salutem
1070 2031 1330 2096 fratrum
1387 2052 1636 2097 suorum
1688 2051 1930 2118 cupere.
2023 2029 2107 2095 Hi
2151 2031 2359 2096 autem
2402 2030 2467 2094 in

338 2139 677 2224 propinquo
725 2141 901 2204 erant
946 2143 1009 2205 et
1053 2139 1112 2203 in
1160 2138 1450 2204 arundine
1500 2139 1695 2204 saltus
1733 2139 1978 2226 vallis³)
2025 2137 2217 2205 abditi
2264 2141 2461 2205 erant.

327 2241 512 2332 ‘Quod
559 2245 706 2313 Levi
751 2247 926 2312 scivit
971 2267 1168 2332 neque
1201 2247 1424 2312 fratres
1471 2247 1547 2313 de
1592 2247 1714 2312 illis
1740 2248 2030 2313 certiores
2075 2247 2239 2328 fecit,
2287 2269 2461 2314 vere-

343 2351 524 2419 batur
547 2355 729 2436 enim‚
765 2376 840 2420 ne
872 2355 964 2420 ira
985 2354 1340 2420 inflammati
1377 2377 1482 2422 eos
1507 2356 1870 2421 conficerent
1902 2359 2085 2441 atque
2115 2355 2460 2442 perderent.

522 2459 712 2528 Filius
742 2461 1080 2528 Pharaonis
1130 2463 1219 2548 [p.
1268 2464 1381 2549 46]
1431 2486 1464 2530 e
1496 2469 1663 2529 terra
1708 2485 1773 2530 se
1822 2464 2013 2530 erexit
2059 2466 2123 2528 et
2167 2461 2462 2544 consedit3

347 2571 410 2634 et
455 2571 809 2653 sanguinem
856 2569 1040 2634 etiam
1087 2591 1159 2635 ex
1206 2591 1308 2636 ore
1356 2591 1466 2636 suo
1515 2571 1805 2652 evomuit,
1852 2591 1992 2635 cum
2038 2571 2283 2653 sanguis
2329 2569 2465 2636 vul-

343 2677 506 2742 neris
552 2677 846 2763 temporis
891 2677 953 2740 in
1012 2698 1081 2743 os
1138 2679 1266 2744 eius
1337 2677 1753 2744 descenderet.
1871 2677 1963 2744 Ac
2020 2677 2335 2744 Beniamin
2404 2678 2467 2742 in

343 2806 483 2851 eum
537 2783 803 2851 adcurrit
856 2789 918 2851 et
994 2784 1264 2868 gladium
1277 2787 1334 2870 4)
1391 2787 1497 2852 filii
1576 2784 1911 2852 Pharaonis
1992 2786 2232 2868 etraxit‚
2302 2783 2465 2871 quod

342 2891 658 2960 Beniamin
704 2891 973 2976 gladium
1021 2915 1138 2960 non
1184 2894 1471 2977 habebat,
1519 2899 1584 2962 et
1629 2895 1758 2961 eius
1802 2889 2019 2982 pectus
2065 2914 2469 2981 percussurus

343 3005 495 3068 erat.
609 3000 758 3068 Levi
811 3005 1019 3068 autem
1075 3003 1442 3070 acceleravit
1503 3007 1567 3069 et
1637 3005 1765 3070 eius
1837 3024 2086 3068 manum
2142 3000 2468 3088 prehendit

350 3108 620 3195 dixitque
669 3109 753 3174 ei:
849 3107 986 3191 „Ne
1037 3110 1100 3176 id
1145 3111 1382 3192 feceriS,
1429 3111 1514 3176 mi
1568 3111 1760 3177 frater
1772 3109 1848 3198 ⁶),
1918 3111 2061 3197 quia
2115 3109 2229 3176 viri
2274 3109 2473 3191 magis

347 3219 433 3305 pii
477 3237 710 3298 sumus,
758 3236 945 3302 quam
990 3222 1061 3284 ut
1105 3219 1343 3283 malum
1387 3239 1498 3305 pro
1547 3219 1711 3285 malo
1745 3217 2073 3284 reddamus
2106 3219 2169 3282 et
2200 3214 2474 3282 dolorem

349 3324 625 3412 percussi
673 3345 1006 3408 augeamus
1029 3327 1080 3412 ⁶)
1151 3329 1214 3392 et
1281 3327 1637 3410 sanguinem
1705 3328 1767 3390 in
1814 3329 2042 3391 terram
2092 3321 2475 3390 effundamus

497 3538 540 3607 ¹)
575 3538 721 3608 lege‘
770 3525 1014 3609 Lag-mo

489 3646 532 3716 ²)
567 3643 617 3700 Π
653 3645 800 3703 Sam.
838 3645 925 3713 20,
944 3648 996 3704 9.

493 3771 536 3842 8)
573 3773 694 3841 1080
771 3761 978 3850 ihu-¹2

497 3900 542 3966 ⁴)
580 3899 604 3952 1
641 3899 785 3954 Sam.
827 3899 912 3966 17,
950 3899 1038 3956 50.
1076 3900 1161 3955 51.

503 4009 544 4078 ⁵)
587 4007 797 4062 Seiame
862 4023 1022 4076 nuper
1097 3997 1208 4081 “l
1249 4008 1541 4064 delendum
1578 4007 1674 4062 est.

500 4138 543 4221 ²)
577 4151 706 4221 lego
777 4154 1020 4212 amo-20
