3067 4984
1189 394 1631 466 ..39-

351 573 573 642 lavabo
599 576 667 661 ¹),
723 574 888 661 quod
945 577 1035 642 tui
1081 575 1270 663 pedes
1324 577 1444 641 mei
1488 573 1681 662 pedes
1734 576 1799 640 et
1840 577 1985 639 tuae
2038 593 2257 638 manus
2304 594 2485 640 meae

350 705 568 748 manus
614 687 678 748 et
719 689 830 749 tua
873 685 1080 760 anima
1129 689 1226 751 est
1271 705 1412 750 mea
1446 683 1715 765 anima,“
1762 686 1828 748 et
1874 703 2012 747 eum
2060 682 2213 746 ursit
2257 679 2479 768 pedes-

349 809 466 876 que
513 791 644 856 eius
688 790 859 858 lavit.
954 791 1034 862 Et
1077 790 1116 856 J
1119 793 1313 881 oseph
1357 811 1577 857 manus
1623 789 1752 856 eius
1798 788 2102 876 spectavit
2146 791 2219 852 ut
2260 807 2481 852 manus

347 900 535 982 vitae,
603 903 668 964 et
713 898 938 984 digitos
1006 901 1136 965 eius
1181 904 1251 965 ut
1305 899 1530 985 digitos
1601 897 1833 962 scribae
1889 896 2070 982 periti
2132 894 2479 980 dilectique.

348 1005 504 1072 Tum
547 1006 779 1095 Joseph
833 1007 1050 1074 dextra
1103 1028 1216 1074 sua
1285 1029 1422 1072 eam
1476 1007 1641 1093 cepit
1682 1008 1759 1070 'et
1814 1005 1874 1069 in
1930 1008 2117 1091 eaput
2170 1003 2487 1082 osculatus

358 1117 475 1196 est,
523 1119 586 1180 et
629 1116 738 1181 illa
781 1137 821 1180 a
866 1115 1084 1182 dextra
1130 1116 1260 1182 eius
1303 1101 1556 1181 assedit.

533 1223 616 1289 Et
659 1228 840 1313 pater
893 1228 1212 1310 materque
1261 1226 1324 1287 et
1380 1222 1705 1309 propinqui
1764 1220 1895 1286 eius
1951 1241 2163 1287 omnes
2210 1241 2284 1286 ex
2337 1241 2487 1305 agro

354 1329 708 1398 hereditatis
740 1353 888 1398 suae
918 1335 1301 1400 reverterunt
1333 1335 1396 1397 et
1418 1329 1799 1396 Asenetham
1832 1334 2277 1418 conspexerunt
2308 1329 2481 1414 quasi

355 1439 624 1526 speciem
672 1440 763 1526 [p.
814 1440 928 1526 37]
974 1439 1128 1504 lueis
1175 1442 1238 1504 et
1283 1439 1414 1503 eius
1457 1433 1972 1525 pulchritudinem
2018 1437 2177 1501 sieut
2220 1436 2485 1523 pulchri-

366 1546 643 1613 tudinem
689 1545 863 1628 caeli,
922 1551 985 1612 et
1029 1567 1169 1612 eam
1213 1565 1406 1634 prope
1448 1544 1785 1631 Josephum
1838 1542 2155 1610 sedentem
2210 1549 2274 1610 et
2318 1549 2494 1612 veste

363 1652 620 1740 nuptiali
667 1650 944 1718 indutam
978 1652 1264 1720 viderunt
1294 1656 1480 1736 atque
1527 1650 1607 1717 de
1637 1651 1767 1718 eius
1812 1650 2257 1738 pulchritudine
2290 1652 2493 1716 mirati

358 1758 542 1827 deum
609 1758 892 1825 laudibus
944 1759 1280 1843 etulerunt,
1350 1761 1454 1846 qui
1499 1761 1735 1825 animat
1800 1763 1863 1824 et
1915 1761 2191 1825 mortuos
2246 1759 2490 1825 excitat.

359 1866 596 1934 Deinde
657 1866 914 1934 ederunt
972 1872 1037 1933 et
1088 1871 1478 1955 potaverunt.
1572 1865 1859 1952 Dixitque
1913 1864 2211 1953 Putiphar
2264 1866 2344 1931 ad
2387 1864 2426 1930 J
2430 1887 2494 1932 o-

359 1977 648 2064 sephum:
743 1973 938 2058 „Cras
995 1979 1322 2058 magnates
1375 1979 1776 2063 satrapasque
1822 1979 2023 2041 terrae
2068 1975 2342 2060 Aegypti
2388 1995 2497 2042 voe-

374 2084 530 2150 oabo
564 2088 627 2150 et
673 2085 920 2170 nuptias
963 2081 1216 2170 parab0‚
1275 2086 1339 2149 et
1361 2082 1743 2148 Asenetham
1798 2084 1858 2148 in
1904 2083 2359 2148 matrimonium
2391 2081 2502 2147 du-

371 2197 538 2258 ces.“
629 2191 710 2256 Et
752 2189 985 2277 Joseph
1029 2189 1370 2278 respondit:
1464 2189 1661 2273 „Cras
1707 2193 1981 2258 revertar
2011 2189 2092 2255 ad
2119 2187 2501 2256 Pharaonem

371 2320 602 2382 regem,
650 2296 814 2384 quod
842 2303 1163 2384 tamquam
1207 2303 1386 2385 pater
1415 2319 1593 2366 meus
1626 2302 1721 2363 est
1747 2302 1809 2363 et
1840 2319 1939 2363 me
1960 2303 2163 2364 terrae
2184 2298 2499 2385 praefecit.

375 2403 647 2484 Quocum
685 2404 761 2472 de
790 2402 1112 2472 Asenetha
1139 2405 1380 2490 loquar,
1428 2408 1498 2471 ut
1527 2405 1677 2472 mihi
1709 2426 1845 2472 eam
1877 2405 2036 2472 inter
2064 2425 2286 2472 uxores
2332 2404 2501 2472 det.“

373 2513 456 2580 Et
499 2506 801 2600 Putiphar
853 2513 1195 2600 respondit:
1291 2505 1725 2597 „Proficiscere
1768 2514 1831 2579 in
1884 2518 2102 2600 μαθέ(
2202 2511 2339 2580 Hoc
2395 2512 2495 2580 die
2621 2504 2629 2516 ’

367 2625 576 2687 autem
586 2619 625 2686 J
625 2621 816 2707 oseph
841 2619 1005 2708 apud
1015 2619 1412 2710 Putipharem
1435 2623 1641 2708 ipsum
1661 2622 1889 2686 mansit
1911 2642 2109 2705 neque
2119 2619 2500 2688 Asenetham

373 2729 676 2811 cognovit,
725 2749 865 2794 cum
893 2728 931 2795 J
933 2730 1126 2817 oseph
1172 2728 1430 2796 diceret:
1481 2729 1663 2813 „Non
1694 2728 1873 2795 decet
1888 2730 2107 2811 virum,
2154 2730 2257 2815 qui
2303 2727 2503 2796 Deum

367 2837 568 2918 timet,
616 2841 760 2902 ante
790 2838 1038 2923 nuptias
1083 2857 1371 2924 sponsam
1419 2857 1596 2902 suam
1642 2842 2073 2920 cognoscere.“

544 2947 756 3030 Atque
783 2942 1015 3030 ‚Ioseph
1059 2942 1139 3008 ad
1169 2943 1554 3010 Pharaonem
1600 2942 1779 3010 dixit:
1874 2943 2014 3027 „Da
2054 2945 2202 3010 mihi
2248 2965 2499 3012 uxorem

369 3049 771 3133 Asenetham‚
808 3050 998 3132 filiam
1029 3049 1406 3139 Putipharis‚
1442 3049 1779 3118 sacerdotis
1808 3050 2215 3140 HeliopoliS.“
2305 3051 2502 3120 Dixit-

367 3179 486 3243 que
530 3156 774 3223 Pharao
829 3156 908 3222 ad
953 3153 1326 3245 Josephum:
1421 3157 1621 3241 „Ecce
1676 3159 1828 3226 haec
1869 3159 1981 3226 tibi
2036 3159 2343 3226 destinata
2386 3161 2503 3226 fuit

370 3287 446 3331 ex
489 3271 740 3332 aeterno
785 3268 850 3331 et
895 3285 1100 3330 coram
1130 3263 1329 3333 Deo.“
1421 3266 1501 3332 Et
1531 3265 1772 3333 Pharao
1814 3265 2214 3353 Putipharem
2260 3269 2504 3336 vocavit

369 3377 432 3438 et
477 3372 856 3438 Asenetham
913 3370 1167 3438 adduxit
1221 3377 1286 3439 et
1341 3371 1417 3442 de
1481 3375 1612 3440 eius
1666 3374 2115 3462 pulchritudine
2166 3372 2504 3441 admiratus

371 3483 468 3546 est
514 3481 752 3563 aitque:
847 3477 1222 3561 „Benedicta
1267 3502 1306 3546 a
1351 3478 1634 3563 Domino,
1681 3479 1815 3549 Deo
1860 3479 2135 3568 Josephi‚
2191 3481 2355 3568 quod
2400 3482 2507 3548 ille

371 3586 536 3652 filius
581 3592 725 3652 natu
773 3587 1076 3652 maximus
1107 3585 1224 3653 Dei
1269 3592 1387 3672 est,
1434 3589 1622 3655 etiam
1666 3592 1736 3655 tu
1782 3588 1908 3654 filia
1938 3586 2183 3654 Domini
2226 3589 2507 3677 appella-

373 3694 537 3762 beris
591 3700 655 3761 et
710 3714 940 3783 sponsa
980 3694 1234 3783 Josephi
1287 3694 1366 3760 ab
1411 3697 1526 3764 hoc
1586 3701 1864 3784 tempore
1912 3700 1977 3763 et
2030 3718 2225 3782 usque
2269 3695 2349 3762 ad
2404 3719 2509 3764 ae-

377 3804 688 3869 ternum.“
737 3801 832 3867 Ao
863 3800 1105 3869 Pharao
1129 3802 1168 3868 J
1170 3805 1402 3890 osepho
1445 3803 1918 3891 Asenethaeque
1973 3805 2404 3892 propinquavit
2450 3809 2515 3872 et

365 3911 462 3998 ,eis
506 3929 760 3975 coronas
805 3931 1044 3993 aureas»,
1091 3931 1248 3998 quae
1285 3913 1348 3977 in
1379 3909 1565 3978 dome
1596 3914 1725 3978 eius
1757 3933 1832 3980 ex
1862 3916 2113 3978 aeterno
2142 3912 2509 3980 observatae

373 4019 568 4099 erant,
621 4016 933 4104 imposuit.
1025 4017 1107 4086 Et
1162 4016 1404 4086 Pharao
1447 4018 1829 4086 Asenetham
1888 4040 1928 4084 a
1987 4016 2203 4086 dextra
2259 4017 2514 4110 Josephi

529 4215 570 4286 ¹)
603 4213 724 4285 108⁹
792 4202 1002 4322 wi
