3067 4984
1413 353 1853 416 ...50—

574 535 760 616 atque
805 530 884 598 ad
929 533 1193 595 mortem
1240 527 1661 596 adversarium
1692 528 2003 594 feriamus.
2094 526 2190 592 Ao
2235 547 2393 592 nuno
2423 527 2696 611 gladium

570 639 633 702 in
682 639 964 722 vaginam
989 635 1178 703 redde
1225 641 1290 702 et
1335 637 1493 719 veni,
1541 657 1639 700 me
1688 634 1931 718 adiuva,
1982 639 2045 701 et
2098 635 2321 702 vulnus
2377 635 2493 701 viri
2546 634 2702 699 obli-

573 765 787 829 gemus
857 747 921 809 et
976 763 1262 810 sanemus
1320 747 1384 809 et
1437 743 1499 807 in
1554 743 1688 809 vita
1740 763 2193 826 conservemu53
2262 747 2325 808 et
2370 745 2702 829 propterea

573 850 814 916 Pharao
872 850 1002 916 eius
1055 854 1236 938 pater
1301 871 1414 916 nos
1485 850 1719 915 amabit
1784 852 2103 935 tamquam
2178 853 2357 937 pater
2423 851 2699 915 noster.“

577 958 908 1044 Erexitque
956 955 1108 1025 Levi
1173 958 1365 1024 filium
1410 955 1749 1024 Pharaonis
1820 963 1882 1024 et
1928 959 2283 1042 sanguinem
2340 957 2471 1023 eius
2524 957 2705 1022 faciei

580 1065 776 1131 abluit
818 1066 1160 1152 vulnusque
1207 1067 1340 1132 eius
1388 1064 1701 1150 obligavit.
1793 1063 1875 1130 Et
1922 1086 2061 1130 eum
2109 1065 2171 1129 in
2219 1085 2375 1156 equo
2424 1064 2553 1131 eius
2592 1085 2704 1152 po-

583 1173 705 1238 suit
779 1193 852 1239 ao
920 1173 1062 1239 tulit
1130 1171 1504 1258 adduxitque
1574 1193 1781 1238 eoram
1845 1170 2167 1238 Pharaone
2232 1172 2361 1238 eius
2416 1176 2595 1259 patre
2644 1175 2708 1237 et

584 1301 795 1346 omnes
862 1280 1002 1351 illas
1073 1301 1173 1346 res
1237 1281 1291 1346 ei
1335 1280 1625 1347 narravit.
1719 1278 1813 1346 Ae
1857 1277 2097 1344 Pharao
2153 1301 2193 1344 a
2237 1279 2390 1344 solio
2448 1280 2713 1344 surrexit

582 1391 648 1454 ‚et
690 1390 832 1452 ante
879 1386 1027 1454 Levi
1074 1389 1137 1453 in
1181 1391 1413 1454 terram
1459 1409 1526 1452 se
1559 1388 1832 1474 proiecit.
1929 1387 2133 1454 Tertio
2180 1391 2390 1455 autem
2438 1385 2535 1452 die
2581 1387 2709 1473 pri-

584 1494 930 1577 mogenitus
975 1493 1310 1560 Pharaonis
1355 1493 1606 1561 vulnere
1637 1493 1955 1560 Beniamin
2003 1494 2242 1581 pueruli
2272 1498 2548 1560 mortuus
2596 1497 2715 1575 est,

598 1605 660 1666 et
703 1599 946 1668 Pharao
992 1601 1069 1668 de
1116 1623 1188 1667 eo
1219 1602 1501 1666 tristatus
1550 1602 1891 1684 aegrotavit
1938 1605 2001 1667 et
2047 1621 2237 1666 annos
2285 1605 2527 1668 centum
2574 1621 2717 1688 sep-

589 1708 869 1792 tuaginta
940 1712 1180 1796 septem
1248 1712 1430 1774 natus
1475 1714 1755 1774 mortuus
1825 1712 1920 1774 est
1988 1713 2051 1774 et
2106 1729 2392 1775 coronam
2445 1707 2717 1795 Josepho

591 1815 856 1901 reliquii,
903 1815 1003 1901 qui
1050 1816 1112 1880 in
1157 1816 1443 1902 Aegypto
1493 1814 2132 1902 duodequinquaginta
2178 1837 2371 1882 annos
2414 1818 2716 1900 regnavit.

589 1920 626 1987 J
631 1923 822 2012 oseph
889 1943 1174 1989 eoronam
1244 1924 1452 2011 nepoti
1499 1922 1835 1990 Pharaonis
1890 1923 2163 2005 tradidit,
2222 1925 2326 2009 qui
2372 1943 2511 1989 eum
2557 1921 2721 1989 Pha-

585 2049 692 2095 rao
737 2033 1098 2111 rum-eretur,
1167 2030 1402 2096 lactens
1450 2035 1605 2113 erat3
1685 2034 1748 2096 et
1792 2030 2023 2117 Joseph
2096 2031 2253 2095 sicut
2308 2035 2486 2116 pater
2542 2032 2718 2116 pueri

584 2138 646 2201 in
692 2136 984 2224 Aegypto
1032 2160 1244 2208 omnes
1291 2137 1422 2204 dies
1467 2139 1633 2205 vitae
1680 2160 1826 2204 suae
1873 2139 2089 2204 fuerat.

763 2246 1028 2334 Explicit
1072 2246 1282 2311 fabula
1333 2245 1585 2333 Josephi
1632 2249 1696 2312 et
1747 2245 2117 2329 Asenethae‚
2188 2249 2388 2313 uxoris
2432 2245 2711 2337 Josephi,

591 2374 750 2439 quae
780 2375 814 2420 e
840 2373 1124 2422 sermone
1157 2352 1392 2420 Graeco
1431 2355 1493 2418 in
1525 2373 1870 2419 sermonem
1902 2352 2218 2439 Syriacum
2260 2353 2563 2419 translata
2594 2358 2711 2419 est.

1438 2668 1859 2693 m
