3067 4984
440 632 730 697 umquam
779 614 870 680 vir
931 635 1067 680 eam
1122 623 1507 698 cognoverat.
1611 617 1815 685 Turris
1866 671 1879 686 .
1933 671 1948 687 .
1996 672 2013 686 .
2041 623 2087 706 ¹)
2143 627 2205 687 et
2259 621 2558 688 altissima

438 720 630 803 patris
674 720 802 785 eius
858 719 1064 785 domui
1109 721 1501 804 adhaerebat,
1561 730 1621 789 et
1680 745 1869 811 supra
1921 747 2059 792 eam
2107 749 2327 812 magna
2383 729 2555 794 habi-

434 826 589 890 tatio
637 832 788 908 erat,
838 829 896 892 in
928 849 1050 914 qua·
1096 827 1306 895 decem
1332 830 1633 898 cubicula.
1727 831 1994 911 Quorum
2040 835 2301 920 primum
2348 836 2553 922 splen-

438 930 646 997 didum
693 940 754 1000 et
809 936 994 1001 variis
1042 935 1346 1022 lapidibus
1417 939 1699 1024 pretiosis
1756 940 2005 1026 pulchre
2063 947 2342 1008 ornatum
2398 950 2550 1024 erat,

438 1042 502 1101 et
567 1040 818 1105 lacunar
874 1063 1020 1107 auro
1091 1050 1225 1109 era-t
1279 1043 1630 1128 obductum,
1703 1053 1765 1112 et
1819 1049 1880 1112 in
1949 1049 2282 1135 parietibus
2345 1069 2555 1114 omnes

433 1142 884 1233 Aegyptiorum
933 1150 1032 1216 dei
1054 1153 1106 1236 ²)
1152 1153 1333 1218 aurei'
1389 1155 1779 1239 argenteique
1836 1155 2043 1220 ordine
2090 1155 2357 1239 stabant,
2406 1177 2557 1243 quos

439 1272 650 1319 omnes
697 1254 978 1322 Aseneth
1027 1259 1355 1324 verebatur
1399 1265 1461 1326 et
1507 1261 1748 1326 colebat
1795 1262 2131 1347 quibusque
2179 1263 2399 1330 cotidie
2444 1264 2557 1328 im-

442 1359 730 1426 molabat.
823 1364 895 1427 ln
918 1366 967 1449 3)
1001 1365 1274 1431 conclavi
1308 1365 1572 1432 secundo
1626 1390 1861 1450 aurum,
1904 1373 2242 1454 argentum,
2276 1391 2552 1454 gemmae

439 1469 642 1551 magni
673 1471 873 1555 pretii,
923 1473 1125 1536 omnia
1171 1473 1390 1540 decora
1422 1480 1916 1541 ornamentorum
1948 1497 2022 1541 ex
2052 1498 2199 1542 auro
2230 1482 2559 1561 argentove
2652 1561 2665 1569 α

438 1574 832 1642 conflatorum
899 1583 962 1644 et
1033 1581 1397 1647 vestimenta
1467 1582 1833 1665 virginitatis
1887 1583 2236 1650 Asenethae
2294 1585 2558 1671 reperie-

441 1680 678 1748 bantur.
772 1683 841 1748 In
888 1687 1069 1752 tertio
1118 1692 1326 1753 autem
1358 1689 1707 1754 habitaculo
1756 1697 1929 1756 erant
1975 1712 2186 1756 omnes
2217 1691 2449 1757 fructus
2496 1697 2557 1756 et

441 1786 584 1852 boni
649 1795 849 1857 terrae
919 1792 1055 1859 cibi.
1159 1794 1230 1858 In
1286 1801 1526 1882 septem
1594 1802 1801 1862 autem
1856 1797 2110 1883 reliquis
2174 1798 2561 1865 conclavibus

441 1903 680 1982 septem
725 1900 986 1981 virgines
1043 1901 1428 1986 singulariter
1448 1899 1500 1987 ⁴)
1575 1903 1954 1986 habitabant,
2011 1926 2167 1990 quae
2212 1905 2563 1972 Asenethae

441 2003 894 2070 famulabantur
949 2013 1011 2073 et
1066 2008 1284 2074 eodem
1342 2030 1497 2075 anno
1554 2015 1739 2096 atque
1797 2012 1924 2093 die,
1992 2033 2113 2098 quo
2168 2013 2302 2096 illa,
2378 2017 2559 2080 natae

440 2115 638 2191 erant3
661 2111 715 2197 ⁵)
783 2119 847 2178 et
913 2114 1170 2200 pulchra
1236 2117 1392 2182 facie
1452 2123 1625 2184 erant
1694 2140 1767 2184 ac
1813 2119 2165 2205 splendidae
2203 2125 2299 2186 'ut
2344 2120 2560 2188 stellae

441 2215 614 2298 caeli,
663 2219 755 2284 vir
800 2241 996 2306 neque
1042 2244 1148 2288 eas
1173 2229 1561 2307 cognoverat,
1593 2247 1791 2312 neque
1840 2247 1976 2291 cum
2021 2229 2096 2293 iis
2144 2234 2276 2294 erat
2318 2228 2558 2295 locutus

444 2321 816 2392 adolescens,
841 2328 890 2411 ⁶)
981 2327 1063 2393 Et
1101 2335 1228 2394 tres
1271 2331 1577 2396 fenestrae
1611 2337 1787 2397 erant
1820 2333 1878 2398 in
1914 2332 2189 2400 cubiculo
2214 2334 2563 2403 Asenethae

551 2543 622 2611 1γ’*
663 2543 782 2600 Hae
823 2546 1012 2601 literae
1032 2547 1178 2600 certo
1198 2545 1308 2614 legi
1345 2562 1452 2600 non
1472 2549 1711 2615 possunt.
1733 2546 2035 2602 Secundum
2067 2551 2108 2604 t.
2148 2548 2240 2604 Gr.
2276 2555 2446 2623 μέγας
2480 2556 2563 2610 καὶ

445 2655 651 2723 ὑψηλὸς
686 2660 897 2728 σφόδρα
965 2647 1079 2720 23
1143 2653 1280 2725 >030
1331 2652 1429 2712 23
1469 2655 1887 2722 exspectaveris.

589 2761 633 2828 ²)
671 2765 733 2818 In
769 2763 1130 2834 descriptione
1181 2765 1397 2838 ⁹domun
1446 2762 1554 2817 duo
1590 2764 1774 2816 textus
1812 2763 1953 2838 inter
1989 2779 2047 2817 se
2093 2763 2414 2835 discrepant.
2492 2767 2553 2821 In

446 2849 650 2906 Graeco
687 2852 946 2921 seriptum
983 2859 1088 2910 est:
1165 2853 1224 2929 ἦν
1263 2856 1320 2911 δὲ
1368 2861 1398 2911 ὁ
1438 2863 1648 2928 πρῶτος
1683 2856 1929 2921 θάλαμος
1974 2859 2145 2926 μέγας
2178 2860 2262 2912 καὶ
2300 2860 2567 2930 εὐπρεπὴς

445 2947 592 3010 πάνυ,
653 2949 736 3000 καὶ
774 2948 942 3011 λίθοις
980 2951 1226 3012 ποικίλοις
1262 2950 1701 3018 κατεστρωμένος,
1754 2948 1835 3001 καὶ
1875 2950 1927 3001 οἱ
1950 2948 2089 3002 λίθοι
2127 2950 2293 3003 αὐτοῦ
2332 2951 2566 3022 ὑπῆρχον

448 3041 599 3101 τίμιοι
634 3040 719 3092 καὶ
743 3040 1384 3118 ποικίλοιιπεπλακωμένοι.
1427 3040 1490 3110 ἦν
1508 3041 1571 3092 δὲ
1594 3037 1727 3107 καὶὴ
1752 3038 1928 3107 ὀροφὴ
1968 3043 2062 3092 τοῦ
2086 3039 2333 3103 θαλάμου
2372 3042 2571 3094 ἐκείνου

449 3133 774 3197 πορφυροῦς,
834 3133 887 3182 ἐν
942 3125 974 3202 ᾗ
1023 3131 1154 3200 ἦσαν
1211 3131 1530 3200 πεπηγμένοι
1578 3129 1697 3182 θεοὶ
1754 3128 1855 3181 τῶν
1901 3128 2175 3196 airon-abu
2228 3125 2299 3184 ὧν
2354 3133 2450 3185 οὐκ
2503 3133 2565 3202 ἦν

443 3219 670 3287 ἀριθμὸς
707 3259 719 3272 .
755 3255 768 3270 .
815 3262 827 3273 .

586 3324 628 3388 ³)
655 3324 739 3383 Ἦν
775 3332 836 3383 δὲ
891 3331 974 3383 καὶ
1011 3333 1041 3383 ὁ
1080 3332 1330 3400 δεύτερος
1378 3326 1623 3394 θάλαμος
1670 3328 1802 3400 ἔχων
1857 3331 1944 3382 τὸν
1999 3330 2191 3394 κόσμον
2238 3330 2437 3383 ἅπαντα
2482 3337 2571 3391 καὶ
2652 3351 2657 3358 ’

447 3417 538 3479 τὰς
573 3420 740 3488 θήκας
767 3422 982 3483 ἁπάσας
1017 3423 1228 3474 ἀσενέθ.
1301 3421 1385 3474 καὶ
1423 3421 1488 3490 ἦν
1511 3421 1707 3492 χρυσὸς
1743 3418 1823 3472 ἐπ’
1849 3421 1995 3490 αὐτῷ
2030 3420 2114 3472 καὶ
2138 3417 2372 3490 ἄργυρος
2408 3421 2573 3482 πολὺς

449 3510 534 3562 καὶ
590 3511 861 3576 ἱματισμὸς
888 3512 1256 3583 χρυσούμενος
1293 3509 1508 3580 ἄπειρος
1562 3511 1644 3563 καὶ
1681 3509 1822 3563 λίθοι
1868 3510 2095 3562 ἐκλεκτοὶ
2132 3511 2214 3563 καὶ
2269 3510 2570 3572 πολυτελεῖς

446 3600 530 3652 καὶ
569 3601 749 3653 ὀθόναι
787 3603 1047 3670 ἐπίσημοι.
1123 3603 1206 3656 καὶ
1242 3603 1340 3663 πᾶς
1377 3604 1407 3654 ὁ
1443 3602 1640 3665 κόσμος
1678 3607 1771 3671 τῆς
1807 3601 2090 3669 παρθενίας
2127 3602 2235 3654 ἐκεῖ
2266 3600 2343 3670 ἦν.
2418 3602 2501 3654 καὶ
2538 3603 2588 3653 ὁ,

448 3693 619 3762 τρίτος
653 3693 897 3759 θάλαμος
931 3693 992 3763 ἥν
1029 3697 1241 3758 ταμεῖον
1277 3699 1372 3760 τῆς
1408 3693 1603 3745 ἀσενὲθ
1640 3691 1773 3762 ἔχων
1798 3692 1963 3744 πάντα
1999 3691 2063 3744 τὰ
2100 3691 2280 3759 ἀγαθὰ
2317 3698 2409 3761 τῆς
2444 3699 2561 3761 γῆς.

589 3799 632 3864 ⁴)
669 3804 764 3866 μία
801 3803 992 3870 ἑκάστη
1031 3803 1122 3855 ἕνα
1158 3801 1402 3865 θάλαμον
1439 3802 1744 3869 κεκτημένη.

591 3907 632 3978 ⁵)
669 3914 796 3966 διότι
853 3912 983 3982 ἦσαν
1021 3911 1244 3976 ὁμιλικαὶ
1295 3912 1389 3982 μιᾷ
1426 3911 1561 3964 νυκτὶ
1614 3910 1879 3980 τεχθεῖοω
1937 3911 2030 3962 σὺν
2084 3911 2146 3982 τῇ
2196 3911 2406 3964 ἀσενὲθ.
2483 3912 2565 3972 καὶ

446 4003 625 4070 ἠγάπα
661 4003 824 4065 αὐτὰς
861 4005 1007 4056 πάνυ.

596 4107 637 4171 ⁶)
675 4109 738 4162 In
773 4107 814 4160 t.
843 4105 932 4160 Gr.
966 4107 1178 4160 tantum
1214 4104 1507 4159 invenitur:
1569 4109 1603 4177 ἢ
1632 4109 1832 4161 παιδίον
1861 4106 2024 4178 ἄρρεν
2050 4123 2065 4167 ;
2102 4103 2196 4156 sed
2229 4103 2567 4157 enuntiatum

454 4214 565 4252 non
586 4196 858 4266 integrum
895 4212 1010 4250 esse
1037 4193 1262 4264 videtur,
1301 4210 1423 4247 cum
1459 4193 1516 4247 in
1556 4193 1801 4248 versione
1829 4193 2029 4247 Latina
2055 4193 2331 4261 legamus:
2372 4191 2564 4259 quibu·

451 4288 662 4346 locutus
699 4303 805 4342 non
841 4287 960 4340 erat
997 4283 1079 4341 vir
1113 4300 1288 4352 neque
1324 4299 1458 4354 puer
1491 4284 1774 4338 masculus.
