3067 4984
1195 335 1592 400 ...3-

337 507 402 572 et
453 509 734 574 occurrat
785 509 842 575 ei
884 509 1113 596 ursuS‚]
1161 512 1226 576 et
1276 509 1654 594 ingrediatur
1708 509 1983 594 domum,
2050 515 2114 579 et
2154 512 2457 582 innitatur

339 633 526 680 manu
571 636 684 680 sua
731 637 917 703 super
959 618 1280 703 parietem,
1328 621 1392 683 et
1435 617 1716 684 mordeat
1762 640 1903 684 eum
1950 619 2259 686 coluber“.
2350 617 2455 684 Ja-

335 721 575 804 cobum,
633 742 772 790 cum
817 722 1066 790 domum
1111 745 1285 789 suam
1330 725 1393 789 in
1436 745 1583 810 agro
1629 727 2031 812 possessionis
2078 747 2247 808 suae,
2298 748 2455 813 quae

331 829 396 893 in
457 832 626 896 terra
685 827 934 894 Canaan
990 834 1142 914 erat,
1210 832 1500 914 venisset,
1571 831 1818 899 coluber
1870 832 2219 899 momordit.
2312 832 2458 910 Quis

329 935 448 1002 fuit
493 935 592 1002 hic
645 935 934 1024 serpens?
1021 936 1142 1003 Hic
1195 938 1310 1004 fuit
1365 937 1630 1022 Sichem,
1684 941 1847 1006 filius
1901 939 2207 1007 Hemoris.
2298 940 2455 1008 Cum

331 1043 494 1110 enim
540 1043 666 1108 filia
708 1042 921 1111 Jacobi
967 1046 1030 1112 in
1073 1045 1481 1112 tabernaculis
1533 1069 1781 1114 manere
1827 1069 2023 1134 neque
2079 1049 2245 1115 foras
2292 1051 2453 1116 exire

330 1151 581 1233 soleret,
627 1151 772 1238 quid
817 1152 963 1220 fecit
992 1152 1271 1221 Sichem?
1359 1151 1610 1220 Puellas
1654 1154 1936 1222 ludentes
1981 1156 2145 1222 foras
2192 1155 2272 1222 ad
2319 1179 2455 1222 eam

329 1257 522 1341 duxit,
576 1280 733 1345 quae
785 1260 1302 1347 tympanizabant.
1395 1260 1663 1346 Egressa
1727 1265 1824 1328 est
1878 1265 2086 1329 autem
2138 1260 2318 1346 Dina,
2387 1267 2456 1330 ut

328 1365 488 1430 filias
541 1365 824 1432 ludentes
880 1365 1137 1434 videret.
1232 1367 1388 1434 Eam
1444 1369 1649 1455 rapuit
1718 1371 1780 1434 et
1824 1389 1962 1435 cum
2032 1391 2106 1436 ea
2150 1371 2455 1452 dormivit,

328 1474 419 1539 ita
461 1477 533 1538 ut
577 1473 830 1558 gravida
875 1475 1040 1540 facta
1083 1473 1465 1542 Asenetham
1510 1481 1776 1562 pareret.
1868 1476 1951 1542 Et
1996 1477 2104 1542 filii
2148 1477 2345 1544 Israel
2388 1499 2455 1544 se

330 1598 470 1647 eam
513 1581 940 1648 interfecturos
1002 1604 1138 1648 esse
1192 1583 1380 1648 locuti
1442 1588 1604 1664 sunt,
1675 1582 1837 1669 quod
1894 1604 2053 1649 nunc
2104 1588 2237 1650 tota
2290 1589 2457 1650 terra

329 1688 580 1756 domum
638 1689 836 1776 stupri
890 1689 950 1754 in
1019 1689 1430 1756 tabernaculis
1480 1689 1522 1756 J
1524 1690 1697 1756 acobi
1753 1712 1888 1756 esse
1959 1690 2203 1757 diceret.
2298 1690 2457 1770 Quid

323 1796 472 1862 fecit
500 1793 732 1861 Jacob?
819 1794 1139 1862 Laminam
1171 1798 1332 1884 cepit
1365 1801 1428 1864 et
1457 1799 1520 1862 in
1552 1819 1625 1863 ea
1658 1799 1966 1885 inscripsit
1988 1819 2217 1880 ‘nomen
2248 1799 2457 1866 Sancti

329 1907 393 1969 et
438 1901 516 1969 de
563 1903 692 1969 eius
738 1903 896 1970 collo
941 1903 1260 1990 suspendit
1317 1908 1380 1972 et
1426 1926 1562 1972 eam
1616 1904 1867 1972 dimisit.
1958 1904 2125 1984 Quae
2179 1908 2457 1994 profecta

327 2015 444 2092 est,
518 2014 581 2076 et
638 2011 840 2076 omnia
896 2031 1101 2076 coram
1145 2009 1408 2077 Domino
1465 2011 1773 2078 destinata
1842 2019 2035 2095 erant,
2092 2018 2156 2079 et
2199 2013 2457 2080 Michael

323 2118 578 2203 angelus
626 2116 940 2184 descendit
985 2122 1048 2184 et
1094 2140 1230 2184 eam
1286 2119 1346 2183 in
1392 2117 1749 2206 Aegyptum
1807 2118 2056 2185 domum
2102 2119 2452 2207 Putipharis

323 2223 563 2308 detulit,
621 2223 784 2310 quod
831 2225 1106 2291 Aseneth
1152 2225 1421 2312 Josepho
1476 2247 1629 2293 uxor
1674 2225 1981 2292 destinata
2035 2232 2185 2292 erat.
2278 2226 2450 2292 Puti-

317 2333 528 2420 pharis
573 2335 782 2398 autem
826 2353 997 2415 uxor,
1045 2352 1198 2402 cum=
1229 2333 1452 2398 sterilis
1487 2337 1671 2416 esset,
1719 2333 1891 2398 illam
1936 2333 2089 2400 aluit
2132 2339 2447 2420 tamquam

319 2439 532 2522 filim,
581 2444 644 2506 et
686 2439 726 2505 J
727 2441 938 2526 oseph‚
1007 2443 1337 2526 postquam
1392 2442 1452 2508 in
1506 2440 1866 2527 Aegyptum
1923 2442 2110 2524 venit,
2182 2463 2319 2508 eam
2386 2443 2449 2506 in

321 2549 776 2616 matrimonium
833 2546 1023 2630 duxit,
1093 2547 1157 2614 id
1211 2547 1374 2634 quod
1430 2547 1661 2614 dictum
1705 2553 1801 2614 est
1861 2547 2041 2635 [Gen.
2092 2547 2254 2631 XLI,
2302 2551 2447 2636 45:]

323 2653 671 2742 „Deditque
710 2654 800 2720 illi
844 2676 1097 2722 uxorem
1126 2652 1426 2736 Aseneth,
1473 2655 1662 2721 filiam
1693 2654 2068 2741 Putipharis‚
2117 2649 2450 2722 sacerdotis

319 2761 782 2850 Heliopoleos“.
873 2761 1060 2828 Cuius
1104 2764 1468 2828 narrationis
1514 2761 1591 2828 de
1638 2766 1865 2848 origine
1895 2762 2245 2830 Asenethae
2291 2766 2447 2829 noti-

323 2871 477 2936 tiam
534 2869 723 2936 habet
790 2873 976 2936 etiam
1032 2870 1188 2936 liber
1259 2868 1565 2936 Masechet
1630 2869 1951 2957 Sopherim
1976 2873 2023 2956 ¹)
2096 2891 2229 2960 cap.
2276 2869 2447 2952 XXI,

321 2976 580 3048 halaeha
626 2976 738 3060 IX,
795 2981 858 3043 et
902 2975 1205 3044 Midrasch
1277 2975 1489 3062 Jalqut
1509 2979 1559 3063 ²)
1626 2997 1757 3065 cap.
1827 2981 1952 3044 134
2010 2998 2147 3042 eam
2201 2977 2445 3064 repetit.

323 3082 512 3171 Apud
580 3104 791 3150 omnes
859 3083 1237 3168 divulgatam
1307 3103 1444 3148 eam
1511 3085 1685 3169 ponit
1736 3082 2133 3149 Pentateuchi
2188 3083 2449 3168 Targum

323 3189 946 3278 Hierosolymitannm
992 3192 1043 3274 I,
1091 3193 1273 3276 vulgo
1330 3191 1469 3278 (sed
1525 3191 1712 3277 falso)
1758 3189 2021 3275 'sargum
2068 3189 2106 3256 J
2108 3191 2446 3272 onathaniS‚

323 3297 430 3364 filii
455 3297 701 3380 Usielis,
733 3299 1135 3386 appellatum,
1151 3300 1202 3384 ³)
1225 3301 1286 3366 in
1311 3321 1430 3386 quo
1454 3319 1698 3367 versum
1726 3297 1983 3364 Genesis
2005 3297 2167 3380 XLI,
2194 3303 2275 3364 45
2292 3298 2328 3363 b
2362 3299 2449 3363 sic

347 3529 352 3534 α
478 3457 524 3522 ¹)
561 3457 836 3515 Mnechet
871 3458 1171 3528 Sopherim
1228 3477 1363 3514 unus
1403 3476 1469 3515 ex
1507 3461 1587 3514 ita
1640 3459 1799 3514 dictis
1842 3457 2031 3514 Parvis
2080 3457 2448 3522 Tractatibus,

323 3548 416 3616 qui
455 3546 524 3602 do
570 3547 863 3604 scribendi·
899 3547 1054 3616 Legis
1124 3549 1486 3603 voluminibu·
1533 3547 1764 3616 aliisque
1808 3548 1969 3602 rebus
2018 3547 2305 3602 ritualibus
2350 3549 2450 3612 ost,

331 3635 512 3696 modio
555 3637 728 3695 altero
770 3637 966 3692 aetatis
1003 3637 1231 3692 Geonim
1257 3639 1494 3705 exstitit3
1531 3639 1599 3696 ef.
1626 3638 1767 3696 Zunz
1792 3639 1825 3691 1.
1854 3654 1899 3693 c.
1924 3656 1978 3708 p.
2005 3638 2091 3692 94.

310 3721 322 3734 '⁴
478 3725 537 3796 ²)
557 3725 720 3781 Liber
743 3726 933 3794 Jalqut
975 3726 1294 3792 Schimeoni,
1353 3727 1446 3796 qui
1486 3728 1729 3783 ordinem
1756 3727 1825 3782 V.
1850 3726 1909 3780 Τ.
1934 3727 2195 3781 librorum
2211 3734 2448 3795 v‘nequens

331 3814 688 3872 ‚midratchim
726 3815 1048 3871 vetustiores
1067 3816 1326 3882 continet,
1365 3819 1584 3873 saeculo
1622 3816 1907 3872 undecimo
1943 3835 1978 3871 a
2014 3817 2265 3872 Simeone
2303 3817 2449 3871 Kara

340 3905 615 3964 confectus
641 3906 742 3969 eut,
767 3904 834 3961 cf.
861 3905 1000 3960 Zunz
1025 3906 1060 3960 l.
1091 3923 1143 3960 c.
1163 3924 1218 3975 p.
1241 3907 1361 3962 295.
1387 3905 1584 3962 Graetz
1608 3907 1644 3962 l.
1668 3923 1713 3961 c.
1751 3908 1792 3961 t.
1819 3905 1895 3958 VI
1921 3905 2135 3976 Lipsiae
2166 3907 2297 3962 1861
2320 3924 2376 3975 p.
2396 3907 2446 3960 6.

485 3993 529 4062 ³)
566 3997 642 4052 V.
680 3993 749 4048 de
785 3993 994 4050 Wette·
1002 3994 1292 4053 Schrader:
1368 3996 1653 4053 Iaehrbuch
1690 3995 1785 4051 der
1820 3996 2447 4053 historisch·kritiuchen

332 4083 648 4162 Emleitung
663 4083 739 4160 15¹¹
774 4082 866 4140 die
901 4083 1102 4144 hanon.
1139 4086 1252 4142 und
1287 4086 1478 4156 apokr.
1518 4085 1730 4140 Bucher
1766 4085 1863 4142 des
1900 4086 2067 4142 Alton
2090 4085 2445 4142 Testamenta.

331 4173 514 4234 Berlin
550 4173 705 4233 1869.
741 4175 774 4244 ἓ
809 4173 897 4231 71.
