3067 4984
1208 364 1649 431 ...33-

372 537 568 617 Quem
613 541 820 607 favum
853 539 1130 608 Aseneth
1177 543 1338 629 cepit
1377 547 1438 608 et
1483 543 1616 609 viro
1646 541 1790 607 tulit
1834 542 2159 628 posuitque
2190 541 2252 604 in
2283 561 2496 607 mensa

363 651 528 713 ante·
563 669 701 713 eum
759 649 1112 731 constituta,
1171 656 1234 716 et
1289 651 1383 717 vir
1439 651 1492 716 ei
1549 650 1663 715 ait:
1763 649 1928 736 „Cur
1983 648 2213 716 dixisti:
2311 651 2493 739 „Non

361 759 460 820 est
507 755 681 822 favus
727 757 788 820 in
834 756 1104 824 conclavi
1151 758 1354 839 meo“,
1411 762 1597 843 atque
1645 779 1718 822 en
1766 758 1975 824 favum
2032 759 2250 822 mirum
2297 756 2487 821 fers“.

363 861 574 948 Atque
627 863 900 928 Asc-neth
960 865 1184 931 verita:
1281 863 1603 950 „Domine,
1659 865 1873 950 inquit,
1931 885 2261 949 numquam
2316 863 2493 928 favus

364 971 428 1034 in
454 971 727 1036 cubiculo
774 992 913 1036 meo
961 970 1095 1053 fuit,
1143 970 1252 1037 sed
1309 977 1379 1037 tu
1427 972 1651 1053 dixisti,
1696 977 1757 1037 et
1803 972 2003 1036 factus
2051 975 2146 1036 est
2193 975 2255 1036 et
2301 992 2333 1036 e
2386 976 2493 1036 tuo

365 1099 470 1143 ore
517 1079 682 1159 exiit,
729 1100 872 1142 nam
919 1079 1060 1144 eius.
1081 1077 1232 1144 odor
1277 1083 1372 1144 est
1418 1083 1489 1143 ut
1533 1077 1686 1144 odor
1731 1079 1937 1145 suavis
1988 1080 2109 1144 oris
2154 1079 2316 1143 tui“.·
2400 1075 2494 1142 Ac

362 1187 460 1251 vir
505 1184 581 1250 de
637 1184 954 1272 prudentia
1002 1185 1352 1252 Asenethae
1408 1187 1655 1270 gavisus
1703 1191 1765 1252 et
1820 1208 1956 1252 eam
2002 1185 2083 1252 ad
2138 1207 2205 1252 se
2250 1185 2495 1252 vocavit

370 1297 436 1357 et
481 1291 756 1358 dextram
788 1314 963 1358 suam
1011 1298 1326 1359 extensam
1373 1293 1559 1380 capiti
1590 1295 1719 1359 eius
1766 1293 2057 1362 admovit.
2150 1291 2495 1378 Timuitque

362 1399 640 1465 Aseneth
687 1422 725 1464 a
779 1400 1060 1466 scintillis
1117 1401 1291 1484 ignis,
1362 1422 1517 1487 quae
1577 1423 1649 1466 ex
1705 1400 1868 1467 illius
1924 1422 2111 1466 manu
2171 1399 2496 1488 prodibant

361 1508 540 1592 quasi
587 1527 660 1571 ex
707 1507 868 1573 ferro
915 1506 1187 1574 ardente.
1259 1507 1368 1572 Vir
1413 1513 1621 1574 autem
1666 1508 1984 1591 hilaratus,
2020 1507 2185 1594 quod
2233 1528 2369 1572 eam
2414 1507 2492 1572 ti-

363 1619 637 1680 mentem
669 1613 946 1680 videbat:
1040 1613 1134 1696 „O
1164 1620 1228 1680 te
1260 1615 1524 1698 felicem,
1558 1617 1772 1702 inquit,
1798 1615 2096 1697 Aseneth,
2128 1616 2225 1680 cui
2256 1613 2494 1680 occulta

363 1721 606 1786 Excelsi
660 1722 986 1787 manifesta
1033 1727 1198 1804 sunt3
1265 1726 1330 1788 et
1373 1722 1539 1788 beati
1584 1722 1697 1804 illi,
1754 1724 1858 1809 qui
1902 1721 2164 1788 Domino
2209 1721 2345 1787 Deo
2392 1743 2495 1787 ex·
2599 1735 2605 1742 ‘

374 1828 539 1895 celso
587 1829 650 1893 in
695 1830 1066 1915 poenitentia
1117 1828 1478 1911 adhaerent,
1527 1829 1691 1916 quod
1737 1829 1813 1895 ab
1860 1830 1974 1895 hoc
2019 1829 2159 1897 favo
2206 1827 2389 1894 edent
2434 1832 2497 1893 et

366 1937 433 2001 in
477 1941 792 2002 aeternum
823 1937 1051 2018 vivent,
1100 1937 1242 2021 quia
1271 1937 1368 2001 hic
1415 1942 1511 2002 est
1557 1937 1808 2023 spiritus
1840 1937 2022 2003 vitae.
2098 1935 2293 2002 -Hunc
2335 1937 2495 2002 enim

366 2064 518 2129 apes
564 2042 840 2111 volucres
887 2042 1157 2130 paradisi
1187 2042 1303 2109 Dei
1341 2043 1512 2109 Eden
1558 2044 1684 2111 vivi
1730 2045 1819 2131 [p.
1858 2045 1969 2130 32]
2018 2066 2090 2110 ex
2136 2063 2273 2108 rore
2318 2063 2495 2108 rosae

367 2151 552 2233 vitae,
625 2171 780 2236 quae
829 2153 924 2216 est
980 2151 1042 2214 in
1086 2150 1371 2238 paradiso
1391 2201 1408 2233 ,
1477 2155 1869 2238 paraverunt,
1940 2173 2011 2218 eo
2067 2150 2230 2237 quod
2296 2150 2497 2232 angeli

359 2255 479 2323 Dei
524 2258 602 2324 ab
650 2280 722 2324 eo
771 2256 977 2339 edunt,
1026 2262 1089 2324 et
1135 2279 1346 2324 omnes
1394 2259 1573 2324 electi
1604 2257 1718 2324 Dei
1766 2264 1828 2324 et
1873 2257 1980 2323 filii
2010 2257 2249 2324 Excelsi
2296 2259 2373 2324 ab
2422 2278 2494 2322 eo

363 2363 572 2447 edunt,
630 2367 773 2452 quia
817 2365 992 2432 favus
1039 2366 1201 2432 vitae
1249 2369 1363 2432 est.
1458 2364 1808 2452 Quicunque
1859 2364 1936 2430 ab
1985 2385 2057 2431 eo
2105 2365 2319 2447 ederit,
2374 2383 2495 2430 non

370 2474 688 2555 morietur,
748 2471 860 2539 sed
905 2473 967 2536 in
1012 2478 1329 2538 aeternum
1386 2472 1556 2540 vivet
1571 2476 1642 2560 ¹).
1735 2472 1817 2539 Et
1868 2474 1961 2540 vir
2012 2494 2261 2538 manum
2326 2494 2503 2538 suam

365 2579 646 2646 dextram
701 2579 970 2666 porrexit
1017 2584 1080 2645 et
1132 2601 1388 2666 parvam
1444 2585 1687 2667 partem
1741 2580 1867 2646 favi
1912 2581 2174 2667 sumpsit
2229 2584 2297 2646 eb
2338 2577 2487 2663 edit3

366 2694 433 2755 et
479 2686 641 2773 quod
686 2687 1006 2774 superfuit,
1052 2688 1118 2751 in
1163 2707 1266 2752 ore
1299 2685 1651 2753 Asenethae
1698 2687 1921 2774 posuit.
2015 2687 2096 2753 Et
2139 2688 2233 2755 vir
2260 2686 2495 2753 Asene-

363 2797 541 2862 thae:
637 2794 762 2878 „Es
807 2795 1010 2878 igitur,
1057 2796 1271 2881 inquit,
1318 2816 1541 2881 panem
1585 2795 1749 2862 vitae
1796 2799 1979 2881 atque
2030 2795 2163 2861 bibe
2208 2795 2497 2882 poculum

365 2903 532 2970 vitae
578 2923 964 2988 unguereque
1020 2902 1153 2969 oleo
1197 2902 1683 2988 incorruptionis
1774 2900 1877 2966 Ab
1922 2903 2037 2968 hoc
2082 2901 2181 2968 die
2228 2907 2290 2968 et
2334 2902 2499 2967 ultra

373 3005 601 3096 corpus
631 3013 807 3074 tuum
831 3008 1012 3076 flores
1035 3009 1198 3076 vitae
1224 3031 1256 3074 e
1301 3013 1466 3074 terra
1489 3011 1541 3095 2)
1585 3007 1823 3074 Excelsi
1868 3009 2159 3095 proferet,
2206 3012 2271 3076 et
2316 3010 2501 3074 etiam

374 3116 654 3182 membra
699 3121 807 3182 tua
850 3120 1170 3202 tamquam
1214 3114 1379 3182 cedri
1416 3113 1685 3202 paradisi
1735 3115 1983 3203 pinguia
2012 3116 2177 3198 fient,
2224 3137 2296 3183 ac
2340 3118 2503 3184 vires

365 3244 490 3292 non
557 3225 1020 3307 languescentes
1089 3228 1151 3290 te
1208 3223 1601 3306 roborabunt,
1673 3223 1749 3289 ed
1806 3222 2220 3290 adolescentia
2285 3230 2393 3291 tua
2437 3225 2499 3289 in

368 3334 687 3396 aeternum
717 3331 1008 3412 manebit,
1056 3351 1250 3416 neque
1298 3335 1677 3396 senectutem
1707 3329 1963 3412 videbis,
2011 3334 2199 3414 atque
2229 3331 2498 3417 pulchri-

366 3436 522 3502 tudo
577 3442 685 3503 tua
749 3459 1084 3522 numquam
1141 3436 1352 3504 deerit.
1447 3436 1706 3521 Fiesque
1772 3439 1973 3503 mater
2016 3437 2257 3504 urbium
2326 3459 2499 3504 muro

363 3545 604 3610 munita
647 3545 722 3611 iis
745 3548 793 3632 3)
811 3595 827 3627 ,
875 3545 984 3632 qui
1031 3543 1111 3609 ad
1153 3565 1375 3612 nomen
1405 3543 1612 3628 Regis,
1660 3543 1903 3611 Domini
1947 3543 2063 3610 Dei
2108 3544 2494 3626 mundorum,

370 3651 788 3736 confugiunt.“
879 3650 1298 3737 Dextramque
1329 3673 1504 3717 suam
1539 3651 1832 3736 extendit,
1866 3656 1929 3718 et
1960 3650 2042 3735 id,
2090 3651 2254 3739 quod
2286 3675 2325 3718 a
2355 3653 2498 3720 favo

519 3866 562 3933 ¹)
598 3865 721 3926 Joh.
759 3871 808 3932 6,
831 3867 918 3924 51.
955 3867 1042 3922 58.

528 3994 571 4059 ⁸)
611 3992 936 4064 *legendum
973 3994 1056 4046 est
1092 3976 1260 4058 (1ιᾷἱῖ

547 4154 590 4222 ³)
626 4154 944 4224 *legendum
981 4156 1067 4210 est
1099 4141 1352 4255 (Διὶ)
