3067 4984
1143 428 1579 494 ,452-

301 613 576 700 tempore
607 614 672 677 te
715 609 778 674 in
808 608 1037 676 ultione
1081 613 1191 674 tua
1219 605 1507 672 iuvabo.“
1598 603 1679 670 Et
1708 601 1821 670 viri
1866 623 2011 669 cum·
2034 601 2187 666 haec
2230 595 2421 666 verba

299 719 693 800 audivissent,
739 715 1132 782 vehementer
1175 711 1518 800 perturbati
1564 716 1627 778 et
1680 711 1921 794 angusti
1967 708 2115 775 facti
2159 707 2313 772 'sunt
2358 709 2423 770 et

293 827 420 894 filio
451 823 788 891 Pharaonis
810 821 1126 888 dixerunt:
1175 819 1320 903 „Te,
1368 817 1649 900 Domine,
1674 836 1984 902 rogamuS,
2009 835 2121 880 nos
2140 814 2283 878 iuva
2298 810 2413 898 ¹).“

298 932 528 1012 Quibus
580 929 921 1018 respondit:
1027 927 1194 1014 „Vos
1259 927 1504 1008 iuvabO,
1575 923 1685 992 sed
1739 925 2025 992 nimirum
2092 917 2419 986 dummodo

296 1061 397 1107 me
443 1039 844 1124 sequamini.“
935 1035 1351 1120 Dixeruntque
1396 1035 1538 1101 viri:
1634 1033 1767 1116 „En
1821 1052 1933 1098 nos
1978 1031 2067 1097 tui
2112 1028 2275 1095 servi
2318 1046 2418 1104 co-

296 1171 428 1216 ram
488 1153 547 1216 te
594 1151 854 1228 stamus;
930 1143 1046 1227 dic,
1091 1145 1216 1210 iam
1259 1165 1300 1208 a
1343 1143 1519 1210 nobis
1588 1141 1869 1208 voluntas
1922 1143 2031 1206 tua
2076 1138 2247 1203 fiet.“
2338 1133 2421 1212 Et

293 1256 454 1322 filius
496 1253 832 1321 Pharaonis
875 1253 991 1321 ait:
1084 1252 1282 1336 „Ecce
1339 1273 1452 1336 ego
1509 1249 1689 1318 hodie
1734 1248 2117 1316 Pharaonem
2172 1253 2412 1335 patrem

297 1385 502 1430 meum
543 1362 918 1443 interficiam,
966 1360 1129 1444 quod
1162 1359 1504 1447 Josephum
1553 1362 1869 1442 tamquam
1910 1361 2153 1444 patrem
2197 1353 2416 1438 diligit,

300 1476 361 1538 et
391 1471 520 1536 eius
545 1469 680 1536 loco
711 1468 996 1552 regnabo.
1090 1467 1217 1534 Vos
1247 1473 1454 1535 autem
1499 1465 1836 1552 Josephum
1866 1465 2121 1532 fratrem
2144 1465 2417 1530 vestrum

295 1577 554 1666 perdite,
601 1581 786 1660 atque
817 1576 1092 1642 Aseneth
1141 1575 1360 1657 denu0,
1407 1574 1586 1641 sicuti
1632 1571 2000 1640 desiderium
2045 1593 2253 1636 meum
2299 1573 2423 1652 est,

294 1708 444 1752 uxor
486 1685 636 1752 mihi
681 1687 852 1750 fiat.“
943 1683 1120 1762 Quod
1174 1705 1240 1750 se
1296 1689 1541 1752 acturos
1598 1703 1735 1750 esse
1791 1683 1905 1748 viri
1961 1679 2217 1769 polliciti
2274 1687 2417 1747 sunt

298 1792 727 1876 dixeruntque:
805 1790 882 1877 „J
886 1793 1182 1878 osephum
1249 1791 1330 1858 ad
1385 1789 1767 1858 Asenetham
1835 1791 2186 1874 loquentem
2243 1789 2416 1856 audi-

301 1902 530 1967 vimus:
625 1899 696 1986 „1
767 1920 900 1966 cras
969 1899 1032 1964 in
1099 1921 1315 1983 agrum
1367 1897 1725 1966 hereditatis
1780 1901 2027 1964 nostrae
2040 1947 2059 1979 ,
2126 1919 2270 1963 nam
2318 1901 2415 1963 est

299 2014 546 2094 tempus
601 2006 1004 2074 vindemiae“.
1117 2005 1200 2072 Et
1254 2027 1414 2100 cum·
1461 2029 1537 2072 ea
1601 2008 1923 2073 sexcentos
1991 2005 2154 2072 viros
2223 2005 2415 2072 fortes

299 2115 620 2182 bellicosos
696 2114 866 2181 dedit
943 2120 1006 2181 et
1102 2115 1541 2198 quinquaginta
1606 2134 2035 2202 praecursores
2048 2116 2123 2200 2).
2240 2113 2417 2181 Nunc

301 2223 646 2307 loquamur,
703 2227 766 2289 et
820 2221 1100 2288 dominus
1154 2226 1366 2289 noster
1419 2221 1629 2288 audiat
1674 2226 1741 2288 et
1806 2221 2121 2288 nobiscum
2189 2222 2417 2316 milites

298 2329 488 2400 det.“.
563 2331 657 2396 Ac
689 2328 808 2396 duo
854 2329 1047 2398 millia
1090 2331 1359 2398 virorum
1405 2367 1493 2380 —-
1541 2331 1876 2416 quingenos
1922 2330 2087 2396 viros
2130 2331 2236 2396 uni
2281 2331 2417 2397 viro

297 2477 375 2489 --
428 2442 717 2523 quattuor
763 2437 1015 2505 ducibus
1061 2437 1230 2505 dedit
1275 2443 1338 2505 et
1385 2459 1489 2505 eos
1548 2438 1893 2525 praefectos
1948 2438 2414 2522 quingentorum

295 2547 457 2614 fecit.
549 2544 968 2630 Dixeruntque
1011 2545 1150 2612 Dan
1197 2549 1260 2612 et
1302 2545 1466 2612 Gad:
1519 2546 1692 2632 „Nos
1738 2549 1920 2612 noctu
1965 2545 2417 2632 proficiscemur

295 2658 357 2721 et
409 2656 470 2720 in
525 2653 818 2720 arundine
876 2655 1072 2720 saltus
1127 2653 1309 2722 vallis
1354 2654 1799 2736 insidiabimur,
1858 2659 1929 2720 tu
1983 2657 2193 2721 autem
2236 2654 2413 2737 qu-in-

295 2765 510 2846 gentos
565 2761 915 2845 sagittarios
973 2783 1144 2828 sume
1203 2767 1266 2828 et
1322 2783 1435 2853 nos
1477 2761 1803 2850 praecede3
1872 2769 1934 2830 et
1980 2783 2092 2828 nos
2146 2784 2221 2828 ex
2264 2763 2413 2830 insi-

297 2867 412 2936 diis
458 2869 649 2937 silvae
696 2891 1016 2954 surgemus
1063 2873 1127 2936 et
1171 2875 1490 2937 sexcentos
1546 2872 1731 2952 virOS,
1788 2870 1893 2953 qui
1920 2880 2077 2952 scum
2125 2891 2199 2935 ea
2244 2873 2406 2950 sunt,

296 2976 663 3058 occidemus3
717 2997 789 3042 ac
835 2977 887 3042 si
915 2977 1024 3041 illa
1047 2977 1110 3042 in
1141 2998 1318 3043 curru
1364 2978 1577 3062 fugiet,
1626 2978 1683 3044 ei
1720 2978 1963 3046 obviam
1996 2979 2017 3042 i
2064 2981 2127 3044 et
2170 2978 2231 3042 in
2278 2999 2414 3044 eam

297 3105 410 3167 age
475 3083 556 3150 ad
623 3083 1004 3151 voluntatem
1076 3088 1266 3150 tuam.
1369 3083 1579 3169 Atque
1648 3089 1978 3172 postquam
2046 3083 2083 3150 J
2086 3085 2277 3172 oseph
2304 3084 2411 3151 „de

295 3189 609 3257 Asenetha
681 3191 1076 3258 contristatus
1145 3192 1280 3274 erit,
1347 3214 1459 3259 nos
1527 3214 1669 3259 eum
1725 3193 2077 3259 necabimus
2146 3196 2209 3258 et
2244 3191 2418 3260 -duos

300 3297 456 3364 filios
503 3299 631 3364 eius
677 3298 739 3364 in
785 3299 914 3364 eius
960 3304 1284 3387 conspectu
1335 3299 1741 3368 occidemus.“
1834 3299 2141 3384 Piliusque
2187 3298 2415 3366 Phara-

295 3407 424 3471 onis
480 3426 620 3472 cum
682 3406 834 3472 haec
888 3405 1079 3474 verba
1133 3406 1489 3489 audivisset,
1548 3407 1795 3502 gavisus
1852 3428 1957 3473 eos
2004 3429 2037 3474 e
2084 3413 2413 3495 conspectu

295 3533 404 3579 suo
484 3533 620 3578 cum
690 3511 928 3580 duobus
1007 3513 1278 3580 millibus
1359 3515 1631 3581 virorum
1706 3519 2082 3581 armatorum
2153 3513 2415 3584 demisit.

300 3619 411 3699 Qui
465 3622 528 3688 in
583 3621 812 3688 vallem
834 3624 886 3708 ³)
953 3623 1210 3709 profecti
1276 3624 1344 3688 in·
1402 3621 1695 3690 arundine
1750 3623 1946 3690 saltus
2014 3622 2281 3689 insidiati
2310 3699 2316 3706 ,
2348 3628 2415 3690 et

305 3727 483 3795 divisi
539 3733 682 3794 sunt
723 3765 812 3780 -—-
860 3730 1171 3813 quingenti
1227 3731 1339 3800 viri
1384 3730 1523 3798 hinc
1568 3735 1633 3798 et
1676 3730 1987 3814 quingenti
2032 3729 2171 3796 inde
2218 3767 2327 3792 —·
2350 3735 2417 3796 et

298 3835 460 3901 viam
504 3835 566 3901 in
610 3835 814 3902 medio
860 3835 1295 3920 relinquerunt.
