3067 4984
1163 579 1248 589 -
1340 543 1432 606 21·
1515 569 1613 589 --

312 724 556 808 patrem
601 740 808 785 meum
853 719 1058 797 locuta
1104 736 1259 784 sum.
1352 715 1440 784 At
1483 738 1642 783 nunc
1688 737 1806 802 quo
1865 737 2001 782 eam
2048 718 2111 781 et
2154 732 2255 780 me
2299 713 2449 778 abs-³

312 826 572 893 condam
631 847 836 892 coram
906 847 998 907 e0,
1057 847 1136 890 ne
1180 823 1409 912 Joseph
1464 824 1623 889 filius
1668 822 1785 890 Dei
1838 845 1936 889 me
1982 821 2225 889 videat?
2315 819 2444 898 Quo

310 935 568 1018 fugiam,
637 934 922 1018 quonia-m
977 934 1174 998 omnis
1227 932 1398 998 locus
1445 934 1695 1019 apertus
1750 936 1814 998 et
1869 951 2075 997 coram
2128 950 2200 996 eo
2245 926 2445 994 lucide

319 1041 602 1108 detectus
651 1044 776 1123 est,
825 1060 962 1106 cum
1009 1041 1134 1121 lux,
1197 1061 1353 1125 quae
1399 1041 1458 1104 in
1507 1061 1579 1106 eo
1622 1045 1757 1121 est‚-
1806 1036 2177 1124 illustret¹)‘?
2267 1035 2445 1102 Nunc

316 1151 526 1214 autem
576 1149 716 1212 mei,
743 1148 1054 1230 miserere,
1085 1145 1344 1213 Domine
1375 1145 1543 1213 Deus
1574 1145 1846 1232 Josephi,
1895 1145 2057 1231 quod
2104 1145 2279 1231 quasi
2321 1159 2451 1208 una·

314 1278 349 1321 e
379 1255 588 1321 stultis
633 1255 838 1320 locuta
883 1275 1036 1320 sum.
1097 1253 1274 1319 Nunc
1321 1255 1481 1319 enim
1527 1257 1706 1340 pater
1737 1274 1836 1318 me
1881 1251 2149 1339 Josepho
2194 1271 2445 1316 uxorem

311 1361 425 1429 det
471 1367 534 1428 et
581 1363 634 1428 ei
680 1363 740 1426 in
786 1367 1106 1428 aetornum
1136 1384 1235 1426 mc
1283 1361 1594 1426 subiciam.

491 1469 572 1534 Et
615 1467 849 1555 Joseph
899 1469 1149 1534 domum
1179 1467 1531 1554 Putipharis
1574 1468 1885 1550 ingressus
1931 1467 1991 1531 in
2039 1466 2257 1532 solium
2304 1483 2446 1532 con-

310 1576 496 1643 sedit.
589 1574 908 1660 Pedesque
957 1577 1086 1641 eius
1133 1575 1414 1640 laverunt
1461 1579 1523 1640 et
1570 1579 1709 1640 ante
1757 1597 1892 1640 eum
1942 1592 2218 1639 mensam·
2264 1595 2443 1660 sepa-

311 1685 500 1749 ratim
533 1682 1003 1763 colloca-verunt,
1051 1681 1214 1767 quod
1244 1681 1476 1768 Joscph
1508 1703 1645 1746 cum
1678 1681 2003 1767 Aegyptiis
2045 1698 2167 1746 non
2194 1673 2438 1760 edebatg

306 1791 373 1856 id
433 1791 592 1855 enim
646 1781 1124 1875 aversabatuff).
1217 1787 1298 1853 Et
1327 1787 1558 1874 Joseph
1590 1790 1641 1874 ³)
1694 1788 1773 1853 ad
1825 1789 2039 1853 turrim
2072 1785 2226 1852 vidit
2272 1786 2449 1852 dixit-

305 1919 462 1984 que:
559 1896 818 1979 „Tollite
885 1917 1020 1962 eam
1067 1895 1386 1979 virginem,
1446 1916 1602 1981 qua-c
1649 1894 1866 1961 audaci
1898 1895 2070 1961 vultu
2118 1917 2150 1959 e
2184 1895 2453 1960 fenestra

305 2008 620 2090 speetat⁶<.
723 2002 885 2068 Nam
923 2002 1154 2088 Joseph
1201 2002 1459 2068 cavebat
1503 2006 1687 2088 atque
1734 2001 2123 2088 impediebat,
2172 2022 2247 2066 ne
2294 2023 2449 2086 quae

312 2111 548 2177 femina
593 2111 703 2175 sibi
751 2111 1268 2196 appropinquaret
1298 2131 1450 2175 neve
1498 2132 1564 2174 se
1600 2114 1975 2195 sequeretur,
2023 2108 2184 2195 quod
2217 2109 2447 2173 multae

311 2219 478 2284 filiae
526 2218 899 2300 magnatium
925 2222 987 2282 et
1025 2218 1478 2303 *praefectorum
1526 2215 1801 2282 studiose
1834 2216 1913 2282 ad
1939 2240 2077 2283 eum
2125 2216 2449 2282 mittebant

307 2340 381 2393 et
429 2326 504 2390 ab
563 2346 634 2390 eo
681 2324 994 2410 petebant,
1053 2331 1124 2389 ut
1171 2345 1311 2389 eum
1367 2326 1829 2408 cognoscerent,·
1877 2329 2129 2411 propter
2184 2323 2449 2410 pulchri—

311 2434 564 2501 tudines
621 2431 876 2512 divinem,
936 2451 1092 2515 quae
1149 2432 1208 2495 in
1262 2430 1416 2496 facie
1467 2431 1595 2495 eius
1652 2431 1970 2517 praeclara
2027 2429 2449 2517 splendebant..

319 2541 598 2618 Quarum
622 2540 858 2623 legatos
884 2539 1247 2624 nuntiosque
1293 2539 1501 2604 reiecit
1527 2543 1590 2604 et
1621 2538 1906 2604 iracunde
1960 2561 1997 2603 a
2044 2560 2109 2604 se
2164 2539 2453 2625 reppulit,

313 2669 465 2716 cum
519 2648 747 2734 Joseph
806 2646 1059 2712 diceret:
1156 2645 1337 2728 „Non
1391 2646 1661 2733 pecca-bo
1720 2667 1923 2712 coram
1979 2645 2259 2727 Domino,
2317 2643 2451 2711 Deo

315 2755 591 2848 IsraeliS‚
651 2755 846 2840 patris
893 2755 1054 2819 mei“
1079 2756 1152 2840 ⁴),
1223 2760 1285 2820 et
1331 2761 1655 2840 praeterea
1723 2760 2191 2839 praeceptorum
2236 2755 2280 2818 J
2282 2753 2453 2818 a-cobi

313 2863 518 2950 patris
563 2862 1070 2940 reminisceretur,
1119 2861 1223 2946 qui
1257 2861 1310 2926 ei
1358 2860 1728 2945 reliquisque
1762 2860 1901 2925 filiis
1948 2861 2071 2924 suis
2104 2861 2446 2946 praecepit:

318 2968 604 3053 „Cavete
651 2988 690 3031 a
733 2967 983 3032 muliere
1030 2968 1350 3051 peregrina
1371 2970 1441 3052 ⁵),
1512 2966 1673 3052 quod
1726 2967 2152 3031 commercium
2199 2986 2337 3030 cum
2384 2987 2457 3031 ea

475 3109 518 3178 ¹)
557 3107 634 3164 cf.
674 3107 758 3162 Po.
801 3109 902 3164 139
941 3108 1103 3175 (138),
1153 3109 1203 3162 7.
1235 3107 1317 3163 12.

478 3199 524 3269 ²)
561 3199 639 3256 ὅτι
673 3202 950 3270 βδέλυγμα
987 3202 1049 3272 ἦν
1086 3203 1232 3272 αὐτῷ
1268 3206 1441 3255 τοῦτο.
1481 3199 1548 3252 of.
1586 3195 1721 3257 Gen.
1760 3199 1845 3261 43,
1867 3200 1952 3255 32.

493 3288 537 3356 ³)
573 3287 692 3342 Hoc
715 3287 846 3348 ,loco
882 3287 1082 3342 iterum
1119 3287 1394 3356 exemplar
1419 3285 1685 3342 Graecum
1724 3303 1847 3342 cum
1882 3285 2101 3356 Syriaco
2139 3286 2297 3340 valde
2334 3287 2446 3340 dio-

323 3380 546 3447 crepat:
585 3367 668 3434 καὶ
705 3380 1012 3448 ἀναβλέψας
1049 3382 1222 3450 ἰωσὴφ
1260 3383 1334 3442 εἰς
1371 3382 1807 3452 παρακόπτουσαν
1828 3382 1919 3450 τὴν
1955 3381 2150 3434 ἀσενὲθ
2186 3381 2269 3435 καὶ
2306 3381 2449 3449 λέγει

321 3474 406 3545 τῷ
443 3473 720 3544 πεντεφρῇ.
764 3472 838 3531 τίς
875 3471 1010 3524 ἐστὶν
1047 3471 1080 3539 ἡ
1117 3473 1243 3540 γυνὴ
1283 3472 1447 3540 ἐκείνη
1486 3473 1693 3526 ἑστῶσα
1732 3474 1787 3533 ἐς
1824 3473 1883 3524 τὸ
1920 3469 2162 3540 ὀπερῶον
2189 3472 2319 3541 πρὸς
2355 3473 2446 3541 τὴν

313 3564 546 3631 θυρίδας
586 3560 862 3614 ἀπελθέτω
887 3562 952 3627 δὴ
990 3561 1093 3614 ἀπὸ
1129 3566 1222 3628 τῆς
1258 3562 1418 3622 οἰκίας
1454 3562 1665 3629 ταύτης.
1716 3562 1957 3631 ἐφοβῆτο
1994 3544 2099 3631 γᾶρ
2148 3563 2325 3632 ἰωσήφ
2360 3561 2445 3615 λε’-

317 3673 460 3722 γων,
495 3653 697 3722 μήποτε
734 3652 792 3704 τὲ
828 3652 961 3720 αὐτὴ
1002 3647 1256 3724 ἐνοχλήσῃ
1293 3670 1379 3716 με.
1421 3651 1673 3723 ὴνόχλουν
1709 3652 1815 3721 γὰρ
1852 3648 2012 3706 πᾶσαι
2048 3656 2104 3706 αἱ
2137 3657 2373 3721 γυναῖκες
2398 3656 2455 3708 τὲ

322 3744 392 3796 αἱ
427 3743 721 3811 θυγατέρες
756 3746 858 3794 τῶν
905 3743 1225 3809 μεγιστάνων
1262 3742 1344 3794 καὶ
1390 3747 1492 3794 τῶν
1529 3743 1807 3810 σατραπῶν
1863 3745 2033 3812 πάσης
2067 3750 2160 3814 τῆς
2197 3746 2453 3813 αἷγόπτου

317 3831 443 3888 roo*
481 3833 794 3902 κοιμηθῆναι
827 3827 940 3897 μετ’
980 3828 1178 3890 αὐτ-ου’.
1220 3831 1356 3884 ἀλλὰ
1391 3837 1630 3900 γυναῖκες
1684 3835 1743 3888 τέ
1801 3835 2096 3904 θυγατέρες
2140 3840 2243 3887 τῶν
2278 3837 2460 3904 αἰγυπ-

320 3925 453 4003 τίων
510 3924 583 3984 ὡς
619 3924 892 3992 ἐθεωρουν
946 3924 1032 3976 τὸν
1079 3922 1252 3994 ῖωσὴφ
1296 3928 1468 3984 κακῶς
1523 3922 1753 4010 ἔπασχον
1818 3925 1900 3977 ἐπὶ
1946 3921 2018 3996 τῷ
2055 3924 2233 3977 κάλλει
2272 3926 2455 3987 αὐτοῦ.

322 4015 420 4069 καὶ
459 4015 581 4075 τους
618 4014 931 4082 πρεσβειους
960 4012 1189 4078 ἔπεμπον
1227 4015 1358 4083 πρὸς
1394 4014 1553 4100 αὐτὸν
1592 4016 1647 4067 αἱ
1680 4019 1917 4082 γυναῖκες
1951 4014 2088 4079 μετὰ
2115 4016 2341 4086 χρυσίου
2376 4017 2460 4068 καὶ

323 4105 595 4174 ἀργυρίου
631 4103 714 4156 καὶ
751 4103 938 4171 δώρων
976 4102 1284 4166 πολυτίμων.

491 4190 534 4254 ⁴)
569 4187 636 4241 In
671 4191 710 4242 t.
750 4187 842 4244 Gr.
881 4187 1046 4242 etiam
1082 4188 1216 4256 leg·-
1256 4191 1394 4263 εἶχεν
1424 4192 1539 4263 γὰρ
1578 4195 1609 4246 ὁ
1656 4193 1832 4262 ῖωσὴφ
1870 4194 2091 4250 πάντοτε
2108 4195 2217 4264 πρὸ
2255 4193 2455 4262 ὀφθαλ·

319 4290 452 4352 μῶν
493 4285 580 4337 τὸν
616 4279 762 4336 Θεόν.
2043 4315 2051 4322 -

481 4369 521 4440 5)
559 4367 718 4427 Item:
758 4377 852 4427 τοῦ
887 4371 962 4442 μή
998 4377 1299 4443 κοινωνῆσαι
1335 4377 1514 4444 αῦτῆς.
