3067 4984
1414 401 1857 464 —23-

574 599 822 642 manum
871 577 1269 664 hominum¹),
1327 577 1565 643 timent.
1658 575 1955 654 Quoniam
2010 577 2197 641 etiam
2243 595 2354 658 ego
2402 574 2709 640 contami--

575 689 724 750 nata
753 705 889 750 sum
921 689 986 750 et
1015 683 1382 751 verecundia
1414 685 1500 750 eis
1548 683 1859 750 immolavi
1891 687 1953 748 et
1994 702 2097 748 eos
2130 682 2334 748 colens
2380 680 2456 745 ab
2492 701 2701 746 eorum

556 791 884 858 sacrificiis
931 788 1048 874 edi,
1097 791 1187 878 [p.
1237 781 1348 876 Ι28]
1404 811 1526 856 non
1572 791 1720 856 mihi
1767 789 1987 855 fiducia
2032 788 2279 856 Domini
2322 793 2440 870 est,
2494 789 2584 852 ita
2630 792 2697 852 ut

577 899 905 965 Dominum
935 897 1136 964 Deum
1183 898 1335 965 caeli
1368 898 1675 966 excelsum
1720 898 2061 984 implorem.
2154 895 2243 962 At
2288 895 2451 982 quod
2496 893 2699 962 audivi

578 1005 779 1072 Deum
831 1003 1257 1073 Hebraeorum
1327 1027 1462 1071 esse
1518 1004 1720 1072 Deum
1774 1027 2009 1086 verum,
2080 1005 2500 1070 miseratorem
2516 1004 2571 1090 ¹)
2640 1007 2703 1068 et

579 1112 1056 1197 misericordem,
1101 1115 1440 1200 patientem
1473 1118 1536 1179 et
1566 1113 1797 1178 multae
1828 1111 2275 1179 misericordiae
2322 1115 2386 1176 et
2416 1130 2700 1178 veracem

583 1224 646 1286 et
665 1223 715 1307 3)
761 1221 1094 1308 propitium
1141 1223 1204 1286 et
1258 1241 1378 1286 non
1425 1219 1779 1308 disperdere
1826 1225 1888 1286 et
1932 1219 2265 1301 abundare,
2320 1222 2390 1283 ut
2434 1219 2701 1305 peccatis

581 1330 888 1393 averteret
931 1327 1087 1392 iram
1133 1348 1330 1410 suam,
1387 1333 1451 1393 et
1495 1349 1615 1393 non
1660 1327 1992 1394 accendere
2040 1348 2283 1392 omnem
2327 1327 2481 1391 iram
2528 1346 2701 1390 suam

579 1439 857 1520 tempore
903 1434 1265 1502 humilitatis
1310 1435 1589 1517 hominiS,
1636 1436 1741 1521 qui
1786 1457 1927 1500 eum
1970 1434 2279 1521 implorat,
2324 1431 2517 1498 audeo
2566 1454 2702 1499 eum

583 1541 777 1625 adire3
831 1545 894 1608 et
935 1541 1016 1607 ad
1062 1563 1203 1610 eum
1248 1541 1595 1626 confugiam
1641 1547 1827 1628 atque
1838 1543 1895 1629 ⁴)
1953 1543 2007 1608 ei
2052 1547 2311 1629 peccata
2354 1562 2494 1606 mea
2540 1561 2703 1606 erro-

582 1671 799 1736 resque
825 1649 1173 1731 confitebor,
1217 1669 1552 1738 precesque
1596 1670 1769 1716 meas
1808 1670 2012 1715 coram
2060 1670 2131 1715 eo
2163 1647 2484 1730 adducam,
2530 1669 2706 1712 num-

586 1754 732 1844 quid
759 1755 1168 1824 humilitatem
1181 1756 1236 1844 5)
1267 1757 1524 1824 ancillae
1557 1778 1704 1822 suae
1728 1756 1941 1823 videns
1971 1757 2094 1823 mei
2122 1757 2465 1827 miseretur.
2548 1753 2703 1820 Cum

585 1869 762 1952 pater
777 1864 827 1947 ⁶)
871 1864 1298 1950 orphanorum,
1345 1862 1586 1930 adiutor
1616 1865 2009 1946 infirmorum,
2057 1863 2331 1931 salvator
2367 1885 2705 1950 pauperum

587 1972 686 2053 sit,
733 1971 814 2037 ad
860 1992 1000 2038 eum
1028 1971 1247 2057 loquar
1293 1976 1356 2038 et
1401 1971 1745 2038 clamabo“.
1837 1971 1919 2036 Et
1947 1971 2223 2038 Asencth
2268 1970 2349 2036 ad
2376 1972 2711 2036 fenestram

589 2078 946 2144 orientalem
999 2080 1260 2145 surrexit
1307 2084 1370 2145 et
1435 2100 1654 2145 manus
1710 2077 1790 2144 ad
1858 2079 2096 2146 caelum
2152 2079 2421 2162 sustulit,
2490 2079 2711 2144 metuit

591 2190 821 2268 autem,
853 2207 930 2252 ne
959 2207 1082 2253 -ore
1118 2191 1332 2273 aperto
1377 2185 1459 2252 ad
1486 2185 1687 2254 Deum
1734 2188 2043 2256 excelsum
2072 2188 2359 2274 loquatur
2406 2191 2468 2253 et
2496 2207 2718 2253 nomen

591 2298 872 2360 sanctum
925 2297 1289 2363 memmoret
1342 2298 1526 2380 atque
1585 2300 1781 2363 vocet.
1874 2295 1957 2362 Et
2011 2299 2234 2363 iterum
2290 2317 2585 2364 conversa
2637 2297 2719 2362 ad

588 2401 754 2468 latus
799 2399 1051 2488 parietis
1096 2402 1402 2470 fenestrae
1449 2403 1765 2470 orientalis
1814 2404 2112 2487 consedit3
2168 2409 2229 2471 et
2274 2405 2495 2471 faciem
2540 2426 2715 2471 suam

589 2507 955 2586 verberabat
994 2514 1057 2575 et
1086 2512 1304 2596 pectus
1337 2510 1617 2576 manibus
1648 2495 2037 2597 percutiebat
2056 2514 2107 2599 ⁷)
2140 2510 2409 2598 dixitque
2440 2513 2503 2577 in
2533 2510 2717 2578 corde

593 2637 704 2683 suo
750 2637 820 2682 os
864 2637 986 2682 non
1030 2618 1341 2703 aperiens:
1437 2616 1609 2702 „Ego
1656 2639 1794 2684 sum
1829 2619 2137 2685 imbecilla
2182 2623 2245 2685 et
2278 2619 2427 2685 orba
2470 2641 2542 2686 ac
2574 2620 2719 2686 soli-

592 2724 769 2806 taria,
827 2724 996 2790 cuius
1042 2745 1111 2797 os
1169 2725 1461 2792 sacrificio
1517 2732 1580 2793 et
1625 2728 1895 2793 vanitate
1951 2726 2204 2793 deorum
2250 2726 2719 2814 Aegyptiorum,

593 2851 870 2898 meorum
913 2831 1323 2918 popularium,
1367 2834 1749 2918 inquinatum
1792 2838 1910 2917 est3
1962 2854 2121 2900 nunc
2150 2840 2357 2901 autem
2403 2836 2497 2900 his
2543 2835 2721 2900 lacri-

595 2939 714 3005 mis
749 2942 824 3004 ’et
867 2939 1065 3006 cinere
1119 2942 1182 3006 et
1212 2939 1465 3026 pulvere
1510 2940 1875 3008 humilitatis
1906 2942 2090 3008 animi
2136 2943 2255 3008 mei
2286 2943 2725 3029 poenitentiam

596 3048 990 3134 peccatorum
1021 3068 1300 3114 meorum
1337 3069 1524 3132 agens
1558 3047 1751 3116 audeo
1786 3070 1855 3116 os
1898 3071 2104 3116 meum
2136 3049 2373 3136 aperire
2405 3054 2469 3116 et
2503 3071 2727 3116 nomen

596 3159 875 3226 sanctum
903 3153 1019 3223 Dei
1065 3153 1476 3223 misericordis
1505 3157 1857 3244 implorare.
1947 3158 2027 3224 Et
2075 3159 2127 3223 si
2156 3155 2455 3223 Dominus
2502 3156 2577 3223 de
2617 3178 2722 3222 ‘me

595 3263 788 3335 iratus
842 3285 941 3328 me
989 3263 1333 3348 castigabit,
1390 3264 1493 3330 ille
1540 3286 1637 3331 me
1694 3263 2051 3352 possidebit,
2110 3270 2172 3331 et
2218 3266 2270 3330 si
2325 3287 2423 3331 me
2470 3286 2723 3352 prorsus

601 3369 948 3436 verberabit
976 3371 1046 3454 ⁸),
1071 3370 1220 3436 mihi
1243 3369 1649 3438 medebitur“.
1740 3371 1947 3458 Atque
1978 3370 2059 3438 ad
2083 3373 2317 3438 caelum
2351 3372 2727 3459 conspiciens

741 3512 784 3580 ¹)
823 3511 982 3568 naut.
1019 3514 1070 3580 4,
1096 3513 1182 3568 28.
1259 3513 1344 3568 Pa.
1387 3513 1488 3571 135
1529 3515 1693 3585 (134),
1727 3516 1808 3573 15.

743 3617 785 3687 ¹)
820 3617 908 3674 Pa.
947 3618 1142 3684 eam.

746 3709 791 3830 ἰ)
827 3707 916 3852 ξε.
955 3708 1040 3852 Ίξ,
1061 3691 1168 3854 ἓδ..
1192 3708 1384 3768 Vei-sio
1419 3711 1619 3769 Latina,
1658 3717 1743 3770 est
1778 3715 2069 3771 secundum
2105 3714 2267 3785 Vulg.

771 3805 790 3866 )
871 3816 915 3854 ε.
952 3800 986 3854 3
1025 3838 1039 3864 ,
1104 3843 1119 3857 .

747 3889 790 3957 ⁸)
827 3885 854 3942 1
889 3887 1034 3946 Sam.
1076 3889 1122 3955 1,
1149 3891 1232 3949 11.
1307 3891 1396 3950 Ps.
1433 3891 1627 3960 25,18.

751 3979 794 4046 ὓ)
830 3976 916 4033 Pa.
956 3979 1044 4050 68,
1070 3983 1104 4036 6
1141 3980 1236 4050 (5).

746 4082 791 4152 ⁷)
829 4085 950 4156 ¹080
1025 4075 1268 4160 ,Λυδοῦ

747 4211 790 4282 ⁸)
825 4211 930 4269 Job
968 4213 1128 4282 5,18.
