3067 4984
1475 407 1920 472 —26-

636 599 856 652 vocem
901 579 1032 646 eius
1101 577 1361 663 audiret,
1408 582 1539 646 eius
1585 580 1814 647 sodalis
1831 583 1903 668 ¹),
1952 583 2048 647 cui
2093 586 2451 649 assueverat
2496 586 2560 647 61
2606 601 2760 664 quae

633 691 967 772 propterea
1021 687 1077 752 ei
1123 687 1523 773 propinquior
1570 693 1701 756 erat
1748 709 1934 771 quam
1980 690 2179 754 sociae
2224 689 2373 754 eius.
2468 687 2547 754 Et
2594 692 2765 773 post-

635 813 823 878 quam
853 814 962 859 sex
994 795 1192 860 socias
1237 815 1382 862 suas
1427 796 1767 876 suscitavit,
1812 796 1989 862 simul
2024 794 2105 862 ad
2134 800 2377 883 portam
2408 798 2703 862 venerunt
2716 797 2767 881 ²)

631 906 694 966 et
737 899 916 967 fletus
963 906 1026 968 et
1055 921 1289 984 vocem,
1347 903 1671 989 suspiritus
1710 907 1773 968 et
1820 905 2082 988 gemitus
2120 903 2470 970 Asenethae
2518 900 2767 968 audive-

631 1011 776 1072 runt
796 1009 846 1094 8)
893 1029 1150 1092 eamque
1227 1014 1625 1093 rogaverunt:
1721 1009 1896 1091 „Qua
1940 1033 2006 1076 re
2062 1032 2127 1078 es
2170 1016 2421 1091 vexata,
2479 1006 2763 1076 domina?

633 1113 824 1200 Aperi
867 1113 1061 1197 nobiS,
1109 1119 1178 1180 ut
1221 1115 1518 1197 intremus
1566 1119 1629 1182 et
1673 1115 2053 1184 videamus“.
2145 1117 2361 1200 Neque
2407 1136 2551 1183 vero
2597 1113 2757 1182 Ase-

629 1221 776 1290 neth
821 1223 910 1288 eis
955 1223 1196 1309 aperuit
1242 1222 1479 1290 dicens:
1532 1221 1777 1308 „Caput
1822 1245 1921 1290 me
1970 1223 2158 1305 dolet,
2206 1227 2269 1290 et
2301 1224 2363 1288 in
2407 1223 2570 1289 lectu
2618 1243 2755 1288 meo

631 1349 795 1410 sum3
849 1335 912 1396 et
957 1329 1176 1395 melius
1233 1334 1328 1396 est
1372 1353 1471 1396 me
1527 1329 1727 1396 solam
1771 1351 1907 1396 esse
1964 1331 2027 1395 111
2070 1331 2257 1396 animi
2312 1328 2755 1414 tranquillitate

631 1457 817 1520 quam
881 1437 946 1501 in
1002 1438 1484 1518 conversatione,
1558 1439 1700 1522 quia
1756 1438 1941 1504 etiam
2012 1438 2214 1503 omnia
2276 1435 2553 1502 membra
2620 1457 2759 1500 mea

632 1541 923 1627 languida
969 1549 1130 1610 sunt.
1223 1543 1440 1628 Neque
1484 1548 1615 1609 tam
1663 1541 1869 1610 valida
1914 1565 2071 1626 sum,
2120 1548 2189 1608 ut
2234 1541 2315 1609 ad
2362 1537 2803 1628 aperiendum‘

633 1670 882 1734 surgere
930 1652 1182 1736 possim.
1277 1651 1365 1716 At
1419 1652 1631 1716 statim
1685 1651 1749 1716 in
1804 1650 2080 1716 cubicula
2126 1657 2333 1718 vestra
2387 1651 2761 1716 revertimini

641 1761 704 1823 et
751 1779 784 1824 e
809 1757 1239 1824 consuetudine
1264 1763 1473 1825 vestra
1525 1758 1717 1842 quieti
1741 1779 1851 1826 vos
1906 1758 2131 1824 tradite
2178 1762 2240 1824 et
2294 1780 2332 1822 a
2376 1778 2475 1824 me
2533 1757 2761 1822 a-bite“.

638 1863 805 1944 Quae
873 1863 1224 1930 Asenethae
1277 1864 1688 1930 'oboedientes
1755 1869 2157 1932 reverterunt.
2262 1863 2488 1930 Postea
2557 1865 2762 1948 quiete

630 1974 891 2045 surrexit
937 1976 998 2037 et
1043 1971 1196 2036 illud
1227 1972 1514 2040 conclave
1563 1974 1831 2054 intravit,
1880 1975 1941 2038 in
1991 1993 2112 2056 quo
2146 1995 2245 2038 res
2292 1974 2419 2038 eius
2464 1959 2767 2052 iacebant,

629 2083 694 2144 et
739 2098 881 2148 arca
925 2083 1143 2165 aperta
1201 2080 1438 2163 nigram
1486 2085 1725 2145 vestem
1771 2079 2113 2162 lugubrem,
2176 2101 2333 2163 quae
2380 2081 2435 2144 61
2483 2083 2633 2158 erat,
2692 2100 2767 2144 ex

629 2207 751 2269 quo
795 2185 990 2251 frater
1033 2187 1229 2252 minor
1273 2191 1551 2252 mortuus
1598 2191 1749 2267 erat,
1798 2185 2197 2272 deprompsit.
2292 2183 2491 2264 Quam
2521 2190 2763 2252 vestem

630 2292 949 2377 lugubrem
1008 2312 1148 2357 cum
1202 2295 1563 2380 accepisset,
1620 2297 1831 2379 portas
1888 2299 2064 2359 caute
2120 2291 2357 2358 clausit.
2450 2291 2529 2356 Et
2586 2292 2761 2357 festi-

628 2405 848 2466 nanter
894 2400 1170 2466 Aseneth
1216 2401 1583 2468 vestimenta
1626 2399 1895 2466 laetitiae
1954 2405 2016 2465 et
2060 2400 2427 2482 virginitatis
2485 2400 2648 2466 exuit
2695 2404 2763 2464 et

633 2510 989 2572 ornamenta
1035 2527 1074 2573 a
1119 2527 1186 2572 se
1232 2505 1499 2574 detraxit
1544 2526 1616 2572 ac
1662 2505 2009 2573 lumborum
2031 2508 2083 2592 ⁴)
2138 2505 2375 2572 vinculo
2432 2526 2616 2571 aureo
2662 2525 2768 2571 so·—

627 2611 757 2677 luto
804 2631 1088 2680 coronam
1134 2633 1384 2678 auream
1430 2611 1506 2678 de
1554 2613 1753 2698 capite
1799 2612 2012 2698 posuit
2053 2616 2115 2678 et
2160 2611 2433 2676 armillas
2478 2615 2764 2694 torques-

634 2739 752 2806 que
809 2739 848 2784 a
901 2739 986 2785 se·
1023 2719 1227 2787 solvit.
1322 2717 1490 2798 Quae
1551 2720 1753 2784 omnia
1820 2724 2150 2806 postquam
2204 2719 2614 2802 congregavit,
2685 2717 2766 2783 de

624 2825 896 2891 fenestra
963 2825 1202 2908 deiecit,
1273 2848 1430 2911 quae
1498 2828 1559 2892 in
1638 2828 2080 2914 septentriones
2136 2825 2449 2910 vergebat,
2520 2829 2582 2891 et
2628 2846 2763 2892 om—

633 2933 733 2996 nia
777 2931 943 2998 idola
989 2938 1052 2999 et
1082 2933 1324 3020 sculpta
1371 2939 1434 3000 et
1462 2935 1761 3018 imagines
1806 2955 1839 3000 e
1886 2934 2057 3015 locis,
2103 2935 2165 3002 in
2200 2933 2419 3017 quibus
2466 2933 2769 3020 disposita

629 3043 822 3121 erant,
871 3038 1128 3126 depulsa
1173 3039 1248 3106 de
1282 3039 1496 3106 eadem
1543 3039 1813 3106 fenestra
1843 3039 2091 3122 deiecit;
2144 3045 2331 3125 atque
2378 3041 2528 3105 item
2574 3039 2768 3105 sacri-—

629 3145 830 3212 ficium
867 3145 1254 3231 libamenque
1285 3148 1347 3212 in
1381 3168 1591 3213 eorum
1622 3149 1849 3214 mensis
1886 3151 1949 3212 et
1980 3167 2191 3213 omnes
2229 3147 2394 3213 cibos
2440 3146 2519 3212 ad
2552 3167 2770 3212 eorum

629 3254 1160 3340 praeparationem
1209 3276 1241 3320 e
1289 3255 1561 3321 fenestra
1605 3255 1774 3320 misit
1804 3259 1866 3321 et
1914 3254 2163 3320 canibus
2208 3254 2421 3321 alienis
2466 3253 2546 3320 ad
2578 3252 2769 3320 eden-—

632 3359 778 3425 dum
826 3359 1064 3443 deiecit,
1099 3381 1236 3426 cum
1281 3362 1342 3426 in
1375 3361 1556 3428 corde
1602 3383 1713 3428 suo
1745 3361 2001 3428 diceret:
2098 3361 2279 3444 „Non
2313 3361 2557 3449 expedit
2603 3363 2770 3428 hunc

633 3467 836 3533 cibum
903 3469 1213 3555 impurum
1267 3489 1340 3534 ac
1409 3466 1705 3534 foetidum
1764 3468 2011 3535 canibus
2082 3471 2170 3557 [p.
2230 3471 2343 3558 27]
2414 3467 2776 3535 domesticis

629 3572 787 3656 dari,
834 3573 944 3640 sed
991 3574 1268 3640 alienis“.
1363 3575 1443 3640 Et
1487 3581 1707 3662 postea
1752 3578 2015 3642 cinerem
2060 3598 2099 3642 a
2142 3576 2444 3643 velamine
2498 3576 2775 3662 sumpsit

780 3824 821 3891 ¹)
857 3813 920 3901 ἦν
956 3825 1226 3903 ἠγάπησεν
1263 3830 1458 3884 ἀσενὲύὶ
1494 3831 1639 3900 παρὰ
1680 3832 1850 3892 πάσας
1884 3831 1977 3893 τὰς
2020 3832 2335 3902 παρθένους.

767 3931 810 3998 ⁸)
846 3937 930 3990 καὶ
966 3935 1123 4003 εὗρεν
1159 3937 1321 4004 αὐτὴν
1356 3936 1739 4006 κεκλεισμένην.

785 4041 828 4110 ³)
867 4039 984 4096 Hoc
1020 4040 1140 4096 loco
1179 4038 1541 4110 fragmentum
1581 4040 1847 4096 Graecum
1886 4041 2102 4098 desinit.

771 4184 815 4254 ⁴)
853 4184 974 4254 lege
1049 4186 1263 4284 συξη
