3067 4984
1415 381 1861 442 ...14-

585 555 876 642 pulchrae
909 556 1104 637 faciei,
1130 557 1178 641 1)
1213 553 1624 638 duodeviginti
1648 576 1839 621 annos
1871 560 2037 637 nata,
2085 557 2254 621 cuius
2286 557 2473 622 facies
2497 577 2713 623 omnes

581 663 846 746 virgines
892 663 952 726 in
997 661 1105 726 illa
1148 666 1314 727 terra
1345 663 1503 727 inter
1523 663 1575 748 ²)
1620 661 1777 728 filias
1822 662 1987 728 illius
2031 663 2241 750 populi
2271 664 2623 750 superabat3
2652 667 2706 751 ³)

581 770 672 855 [p.
726 769 834 855 19]
892 772 955 834 et
998 789 1222 852 magna
1279 773 1411 833 erat
1455 771 1641 854 atque
1695 769 1916 834 nobilis
1970 775 2039 835 ut
2084 768 2256 851 Sara,
2324 770 2579 856 pulchra
2631 775 2702 836 ut

579 875 876 956 Rebecca,
921 874 1240 961 praeclara
1284 879 1353 940 ut
1384 873 1637 957 Rachel,
1684 895 1906 942 nomen
1952 876 2080 942 eius
2127 881 2333 942 autem
2380 884 2513 944 erat
2542 876 2700 943 Ase—

575 983 741 1047 neth.
833 980 1026 1047 Fama
1071 981 1534 1068 pulchritudinis
1581 1003 1692 1068 per
1730 971 1931 1048 totam
1974 981 2145 1047 illam
2176 986 2406 1049 terram
2452 983 2697 1070 pervul-

589 1093 735 1172 gata
787 1095 920 1155 erat
941 1091 1013 1175 ⁴),
1071 1093 1133 1154 et
1177 1093 1498 1172 magnates
1566 1090 1981 1180 praefectique
2028 1094 2090 1156 et
2144 1091 2304 1174 regis
2358 1090 2467 1156 filii
2520 1096 2704 1178 atque

583 1217 792 1262 omnes
849 1195 1270 1262 adolescentes
1316 1195 1634 1262 fortissimi
1704 1218 1842 1262 eam
1894 1197 2211 1283 petebant,
2280 1199 2368 1264 ita
2421 1202 2490 1262 ut
2543 1199 2702 1263 inter

587 1323 694 1368 eos
749 1303 1055 1369 contentio
1101 1322 1174 1368 ac
1218 1302 1294 1367 lis
1351 1307 1611 1390 propter
1655 1303 1826 1368 illam
1881 1304 2072 1370 fieret.
2121 1304 2327 1370 Etiam
2368 1303 2704 1370 Pharaonis

580 1409 738 1474 filius
793 1414 940 1474 natu
997 1409 1296 1474 maximus
1351 1409 1426 1474 de
1475 1431 1549 1474 ea
1602 1411 1825 1476 certior
1870 1411 2071 1475 factus
2126 1414 2367 1496 patrem
2422 1411 2700 1495 rogabat,

573 1521 642 1581 ut
689 1537 827 1582 eam
872 1516 988 1580 sibi
1033 1517 1190 1582 inter
1233 1537 1456 1583 uxores
1480 1519 1529 1602 ⁵)
1578 1516 1771 1582 daret.
1868 1516 2009 1598 „Da
2068 1518 2235 1598 mihi,
2283 1517 2511 1602 inquit,²
2540 1516 2697 1582 Ase-

579 1622 847 1704 netham,
883 1622 1072 1688 filiam
1094 1622 1444 1709 Putipharis
1479 1622 1815 1689 sacerdotis
1836 1621 2296 1710 Heliopolitani,
2320 1629 2632 1690 uxorem“.
2648 1628 2701 1710 ⁶)

581 1729 694 1795 Cui
737 1727 1006 1796 Pharao:
1103 1729 1268 1812 „Cur
1311 1735 1400 1811 tu,
1449 1731 1555 1814 qui
1585 1752 1691 1795 rex
1739 1737 1800 1795 et
1832 1730 2111 1796 dominus
2153 1735 2356 1797 terrae
2390 1752 2476 1813 eS,
2522 1732 2700 1796 femi-

575 1861 720 1904 nam
759 1844 822 1904 te
869 1838 1254 1903 humiliorem
1293 1836 1491 1924 petis?
1582 1837 1738 1903 Ecce
1794 1837 1982 1902 filiam
2013 1837 2418 1903 Moabitarum
2457 1839 2698 1924 regiS,⁷)

583 1946 962 2035 praeclaram
1033 1950 1218 2030 atque
1287 1948 1352 2011 te
1399 1945 1709 2028 dignam“.
1802 1945 2079 2012 Aseneth
2134 1950 2340 2012 autem
2410 1948 2575 2014 elata
2628 1969 2699 2014 ac

577 2052 843 2141 superba
889 2055 1022 2139 erat
1087 2056 1150 2117 et
1201 2072 1692 2138 unumquemque
1762 2054 1958 2118 virum
2021 2055 2369 2141 spernebat,
2444 2057 2699 2143 neque⁸)

730 2249 772 2320 ¹)
830 2240 979 2340 19]...
1037 2249 1278 2330 ἐμὲ...
1333 2252 1416 2304 est
1462 2251 1639 2345 minus
1686 2251 1946 2307 usitatum
1982 2248 2145 2321 quam
2199 2240 2413 2343 lep-2
2451 2255 2700 2334 ζμ*

581 2371 668 2442 [cf.
702 2369 947 2425 Noldeke
985 2370 1020 2423 l.
1061 2386 1104 2423 c.
1144 2371 1174 2436 ἓ
1213 2369 1369 2437 20613
1418 2369 1684 2424 Hebraico
1729 2373 1786 2424 et
1823 2384 1960 2426 ris-u:
1997 2381 2083 2426 ne·
2131 2372 2187 2426 et
2225 2386 2364 2428 rue-m
2399 2386 2524 2428 naim
2573 2371 2696 2448 [Ge-

581 2461 722 2516 nesis
764 2460 843 2523 12,
887 2461 979 2524 11;
1018 2461 1105 2522 24,
1135 2460 1226 2522 163
1265 2459 1351 2522 29,
1395 2460 1484 2525 17;
1523 2458 1675 2513 math.
1712 2459 1765 2524 2,
1794 2461 1843 2516 2.
1884 2461 1955 2530 3].

728 2587 772 2652 ²)
809 2586 955 2640 Inter
993 2602 1095 2644 ..en
1135 2592 1194 2638 et
1231 2583 1431 2646 Mas
1472 2585 1639 2639 verba
1674 2585 2061 2640 desiderantur.

692 2745 765 2814 ³)*
803 2734 943 2814 331
1025 2746 1349 2801 sententiam
1422 2765 1530 2802 non
1592 2745 1715 2812 dam
1781 2749 1963 2816 potius
2014 2749 2303 2818 legendum
2375 2754 2458 2806 eet
2511 2739 2701 2812 a&

584 2852 672 2919 (cf.
710 2869 836 2922 pag.
875 2853 964 2920 23,
1004 2853 1038 2905 2
1076 2855 1132 2907 et
1170 2853 1254 2917 39,
1294 2855 1366 2920 3).
1404 2854 1605 2910 Textue
1642 2853 1879 2910 Graecus
1916 2864 1999 2912 est
2035 2857 2137 2912 hoc
2175 2859 2315 2914 loco:
2354 2865 2513 2917 οὐδὲν
2552 2859 2697 2928 ὁμοί·

579 2965 612 3014 η
643 2951 744 2999 τῶν
792 2948 1066 3015 παρθένων
1104 2952 1204 3000 τῶν
1241 2949 1550 3020 θυγατέρων
1589 2955 1690 3004 τῶν
1734 2949 2031 3018 Αἰγυπτίων,
2077 2952 2214 3006 ἀλλὰ
2258 2953 2321 3022 ἦν
2366 2955 2496 3008 κατὰ
2543 2959 2703 3010 πάντα

584 3038 782 3101 ὁμοίως
817 3043 923 3099 τοῖς
959 3039 1278 3108 θυγατράσιν
1323 3045 1424 3092 τῶν
1461 3041 1703 3108 ἑβραίων.

726 3125 770 3189 ⁴)
811 3125 874 3176 ln
921 3121 1128 3179 Graeco
1184 3123 1348 3179 etiam
1402 3125 1539 3180 haec
1575 3127 1739 3181 verba
1771 3127 2073 3195 leguntur:
2150 3134 2233 3186 καὶ
2302 3135 2404 3195 ἕως
2462 3138 2699 3206 περάτων

581 3224 672 3287 τῆς
708 3219 1029 3288 οἰκουμένης·

729 3341 770 3406 ⁵)
805 3341 952 3409 lege:
1023 3321 1237 3416 [ῥίς

743 3449 784 3514 ⁶)
823 3447 972 3501 Haec
1007 3444 1172 3500 verba
1207 3447 1303 3501 filii
1338 3445 1637 3502 Pharaonis
1675 3448 1732 3502 in
1770 3451 1923 3504 textu
1950 3449 2155 3506 Graeco
2192 3470 2298 3507 non
2339 3453 2703 3514 inveniuntur.

582 3565 761 3647 um}
817 3589 991 3634 aa.
1035 3599 1100 3622 =
1143 3567 1284 3631 ms
1323 3588 1400 3645 μυ
1439 3574 1595 3643 [Gen.
1621 3575 1707 3639 41,
1733 3582 1800 3632 45
1826 3576 1994 3632 exod.
2022 3578 2071 3644 2,
2113 3585 2198 3635 21.
2279 3585 2326 3636 1.
2354 3580 2573 3648 same,
2614 3585 2699 3656 17]

590 3717 681 3770 sed
727 3713 927 3798 {LA-m
974 3741 1147 3784 ραι..
1187 3717 1330 3772 infra
1365 3717 1456 3773 fol.
1499 3719 1629 3772 111⁸
1672 3721 1744 3790 [p.
1785 3720 1871 3786 21,
1914 3722 2001 3792 19]
2044 3723 2175 3776 12rb
2228 3725 2299 3794 [p.
2338 3724 2423 3790 23,
2467 3727 2569 3796 10.]

735 3824 776 3888 ⁷)
813 3824 917 3878 Hic
956 3841 1048 3879 rex
1084 3821 1141 3876 in
1175 3825 1380 3882 Graeco
1419 3833 1635 3896 ἰωακεὶμ
1660 3827 1984 3885 nominatur.
2060 3831 2245 3886 Etiam
2269 3833 2326 3886 in
2362 3836 2556 3888 ceteris
2593 3835 2699 3890 duo

587 3915 766 3969 textus
804 3931 914 3968 non
951 3914 1020 3968 ad
1055 3917 1223 3970 verba
1260 3918 1622 3972 consentiunt.

738 4006 779 4072 ⁸)
815 4019 912 4073 ην,
954 4003 1037 4057 cui
1065 4004 1328 4060 Hebraice
1367 4023 1530 4076 saepe
1571 4008 1652 4062 vis
1698 4009 2032 4064 concubandi
2071 4013 2167 4076 est,
2201 4012 2421 4080 syriace
2458 4012 2699 4068 redditur

590 4115 646 4166 et
703 4115 888 4184 >Q
925 4111 1078 4182 [Gen.
1117 4115 1167 4180 4,
1211 4114 1257 4166 1.
1301 4115 1387 4171 17.
1423 4117 1512 4171 25.
1592 4121 1645 4172 1.
1670 4116 1815 4174 Sam.
1848 4118 1904 4183 ,1,
1946 4117 2034 4187 19]
2072 4121 2128 4172 et
2162 4124 2301 4203 δ’..
2342 4118 2494 4189 [Gen.
2547 4121 2627 4184 19,
2650 4121 2701 4185 8;

589 4216 802 4290 24,.16.
881 4221 1043 4276 Num.
1081 4225 1166 4286 31,
1210 4221 1314 4293 1⁷}-
2228 4209 2241 4225 ⁸
