3067 4984
1254 287 1673 352 -7-

402 459 550 528 deos
580 459 726 544 vidi,
756 483 896 528 nam
923 481 1062 538 ecce
1087 460 1186 528 dei
1207 485 1424 550 parere
1455 464 1835 551 inceperunt3
1864 467 2080 554 portae
2107 465 2268 530 enim
2294 463 2537 529 clausae

399 575 598 653 erant,
642 575 712 636 ut
757 591 936 637 nemo
983 569 1064 636 ad
1111 570 1260 642 deos
1293 572 1518 638 intrare
1565 576 1801 660 posset3
1854 576 2062 637 tamen
2108 570 2405 638 infantem
2447 570 2532 635 ibi

401 698 588 764 super
631 698 803 743 aram
859 679 1211 764 conspexi“.
1303 677 1458 744 Tum
1515 683 1907 745 surrexerunt
1961 678 2161 744 territi
2216 682 2279 743 et
2334 678 2529 766 portis

401 785 635 870 apertis
687 785 1068 852 intraverunt
1118 791 1182 852 et
1235 783 1316 850 ad
1371 807 1544 851 aram
1596 784 2021 852 ascenderunt.
2115 783 2531 870 Videruntque

403 889 694 977 aquilam,
764 890 909 982 dum
964 891 1102 958 alae
1171 894 1300 958 eius
1357 897 1648 959 extensae
1716 899 1859 959 sunt
1906 897 1969 959 et
2022 913 2208 980 supra
2263 890 2537 978 puellam

401 1001 639 1082 tegunt,
685 1003 755 1064 ut
791 989 938 1065 eam
983 1004 1251 1066 tueatur.
1343 998 1498 1065 Tum
1540 999 1969 1067 intellexerunt
1998 997 2062 1064 id
2106 1019 2219 1085 per
2264 998 2534 1084 aquilam

403 1105 634 1170 factum
691 1127 846 1172 esse.
936 1105 1018 1172 Et
1071 1127 1222 1173 uxor
1265 1108 1446 1172 huius
1502 1105 1838 1173 sacerdotis
1892 1117 2031 1172 'eam
2086 1107 2250 1194 cepit
2312 1110 2376 1171 et
2432 1105 2541 1171 ob-

404 1213 716 1278 stetricem
761 1214 818 1279 ei
859 1213 1025 1295 tulit,
1077 1234 1154 1279 ac
1209 1235 1432 1298 magna
1487 1214 1726 1280 laetitia
1780 1212 1984 1280 affecti
2028 1220 2189 1296 sunt,
2248 1214 2535 1299 quoniam

399 1320 497 1385 eis
544 1341 655 1386 nec
701 1320 862 1387 filius
905 1341 1018 1388 nec
1049 1321 1173 1388 filia
1219 1327 1370 1387 erat.
1461 1320 1619 1387 Cum
1660 1321 1868 1408 puella
1912 1319 2304 1402 adolevisset,
2336 1317 2537 1407 [Puti-

407 1427 594 1514 phar]
641 1426 892 1494 domum
937 1428 1326 1512 magnificam
1367 1427 1735 1510 aedificavit,
1788 1429 1853 1494 in
1899 1450 2023 1515 qua
2066 1450 2205 1496 eam
2266 1427 2542 1493 habitare

405 1534 551 1602 fecit
607 1538 669 1601 et
721 1536 1003 1620 virgines,
1077 1557 1233 1622 quae
1291 1537 1346 1603 oi
1401 1537 1721 1626 servirent,
1792 1537 2127 1606 constituit,
2232 1534 2313 1602 Et
2365 1536 2545 1602 multi

417 1641 679 1709 filiorum
701 1642 1044 1730 principum
1092 1665 1230 1710 eam
1273 1629 1590 1731 petebant,
1637 1644 1782 1730 quia
1829 1635 2119 1730 pulchrae
2167 1643 2343 1709 faciei
2391 1648 2542 1726 erat,

411 1769 606 1836 neque
636 1753 845 1816 tamen
877 1747 987 1814 illa
1035 1750 1126 1816 eis
1157 1750 1331 1817 favit.
1425 1749 1504 1816 Et
1554 1767 1691 1816 cum
1720 1749 1760 1815 J
1762 1749 1955 1838 oseph
1985 1755 2128 1816 ante
2160 1747 2542 1816 Pharaonem

411 1857 700 1938 venisset,
747 1877 886 1922 eum
933 1877 1112 1922 curru
1156 1877 1267 1923 suo
1312 1857 1451 1924 vehi
1472 1858 1651 1924 iussit
1696 1861 1760 1924 et
1787 1858 1848 1922 in
1894 1859 2023 1923 eius
2053 1879 2236 1923 manu
2268 1857 2535 1942 sigillum

421 1965 659 2052 imperii
701 1965 932 2051 posuit3
994 1968 1057 2030 et
1101 1962 1393 2052 Aegyptii
1438 1985 1579 2030 eum
1624 1985 1812 2052 super
1856 1985 2036 2031 curru
2079 1969 2215 2032 tota
2260 1963 2547 2051 Aegypto

426 2071 905 2154 celebraverunt,
955 2076 1018 2137 et
1049 2091 1325 2138 rumores
1357 2073 1486 2138 eius
1530 2073 1593 2137 in
1618 2093 1830 2138 omnes
1861 2074 2137 2156 regiones
2162 2071 2539 2138 volaverunt.

427 2176 732 2264 Deditque
777 2176 1132 2266 [Putipbar]
1157 2179 1212 2244 ei
1267 2200 1518 2245 uxorem
1565 2178 1755 2244 filiam
1798 2177 2147 2266 Putipharis
2192 2177 2549 2260 sacerdotiS,

421 2306 619 2372 neque
665 2285 854 2352 filiam
899 2283 1102 2352 Dinae
1149 2287 1372 2352 sororis
1417 2285 1649 2352 oderat.
1700 2285 1854 2352 Cum
1906 2285 2122 2367 Jacob,
2168 2290 2346 2373 pater
2392 2285 2547 2368 eiuS‚
2667 2343 2672 2347 .

417 2395 480 2460 in
532 2391 889 2480 Aegyptum
957 2394 1220 2474 veniret,
1290 2379 1476 2460 etiam
1531 2391 1690 2460 Dina
1741 2394 2011 2475 intravit,
2082 2398 2153 2459 ut
2204 2392 2242 2458 J
2245 2388 2544 2479 osephum

417 2502 673 2568 fratrem
718 2500 1035 2566 salutaret.
1127 2499 1334 2566 Etiam
1381 2485 1510 2566 einis
1566 2521 1817 2566 uxorem
1863 2499 2157 2568 salutavit
2214 2503 2277 2566 et
2321 2499 2547 2565 ferbuit

419 2628 554 2676 cors
583 2606 780 2674 Dinao
813 2609 1036 2674 sororis
1067 2607 1319 2695 Josephi
1350 2611 1413 2674 et
1444 2629 1581 2674 eam
1612 2609 1883 2692 rogavit:
1976 2606 2207 2690 „Cuius
2240 2606 2363 2672 filia
2395 2605 2542 2673 es?“

420 2755 503 2764 -—
553 2713 770 2798 ,‚Filia,
817 2715 1032 2801 inquit,
1062 2713 1435 2804 PutiphariS,
1482 2715 1773 2802 principis
1820 2713 2211 2780 sacerdotum
2243 2713 2335 2780 On
2382 2712 2543 2780 dei“.
2581 2714 2589 2722 ‘

271 2875 283 2890 .
419 2820 776 2908 Certiorque
821 2822 994 2888 facta
1033 2828 1131 2889 est
1176 2821 1252 2888 de
1297 2824 1429 2889 eius
1472 2821 1761 2905 adventu,
1808 2819 2113 2908 quomodo
2159 2821 2365 2908 aquila
2410 2816 2549 2887 eam

415 2929 660 2996 tulisset
715 2935 779 2996 et
824 2931 886 2996 in
938 2930 1121 2997 altari
1176 2931 1482 3017 posuisset
1539 2934 1602 2996 et
1657 2928 1961 3015 quomodo
2019 2929 2225 2995 fasciis
2280 2927 2551 2996 involuta

415 3035 657 3102 fuisset.
729 3039 937 3124 Atque
983 3038 1094 3103 ivit
1149 3042 1211 3104 et
1256 3037 1479 3104 fascias
1537 3036 1697 3104 filiae
1746 3058 1893 3102 suae
1946 3033 2219 3118 adduxit,
2278 3039 2341 3101 et
2386 3032 2548 3099 Dina

418 3144 699 3226 cognovit
731 3165 868 3210 eam
895 3143 1084 3210 filiam
1115 3165 1292 3210 suam
1315 3163 1471 3209 esse.
1566 3141 1915 3230 Quicunque
1938 3141 2321 3224 audiverunt,
2345 3138 2548 3210 Deum

416 3249 898 3332 celebraverunt,
945 3251 1049 3338 qui
1077 3249 1434 3317 adoratores
1459 3271 1603 3316 suos
1634 3249 1899 3334 efferret,
1946 3251 2043 3316 cui
2072 3249 2269 3334 gloria
2314 3248 2374 3312 in
2406 3270 2541 3314 sae-

418 3355 624 3421 culum
670 3357 1075 3440 saeculorum,
1132 3356 1366 3424 Amen!
1458 3357 1726 3446 Explicit
1769 3358 1921 3423 haec
1974 3357 2240 3422 narratio
2296 3355 2373 3422 de
2421 3354 2547 3420 filia

377 3512 382 3516 -
418 3460 633 3529 Dinae.
680 3501 770 3514 —-·

589 3573 634 3656 ᾗ
673 3576 740 3638 4.
829 3571 933 3638 Ab
978 3571 1094 3638 hac
1139 3571 1350 3638 fabula
1395 3571 1640 3658 penitus
1688 3572 1997 3659 discrepat
2042 3571 2165 3638 alia
2194 3571 2546 3658 Asenethae

421 3675 696 3760 historia,
719 3699 876 3764 quae
911 3679 969 3742 in
1005 3678 1242 3744 duobus
1275 3677 1583 3746 codicibus
1617 3677 1808 3745 Musei
1830 3677 2160 3744 Britannici
2182 3679 2345 3745 Add.
2377 3684 2548 3747 7190

422 3783 526 3850 fol.
555 3789 683 3852 319
731 3790 795 3852 et
833 3784 995 3852 Add.
1030 3788 1239 3853 17202
1274 3785 1379 3854 fol,
1413 3790 1494 3853 10
1516 3786 1837 3873 reperitur.
1908 3784 2179 3864 Quorum
2210 3785 2548 3873 codicum¹)

569 3945 613 4012 ¹)
648 3945 832 4002 Codex
867 3946 1004 4002 Add.
1052 3953 1229 4001 17202
1269 3947 1360 4001 vel
1395 3947 1452 4000 in
1489 3946 1640 4002 exitu
1676 3945 1772 4000 Vli
1809 3947 2010 4001 saeculi
2048 3947 2133 4002 vel
2168 3947 2391 4002 ineunte
2428 3963 2545 4001 sae-

422 4037 546 4091 culo
583 4033 709 4090 v110
753 4037 982 4104 scriptu·
1021 4039 1122 4106 cot,
1161 4054 1284 4091 cum
1323 4035 1460 4092 Add.
1511 4042 1649 4090 7190
1688 4036 1903 4091 saeculo
1938 4034 2066 4089 xlto
2106 4035 2347 4091 extitine
2385 4037 2443 4090 et
2478 4038 2547 4091 ab

421 4125 517 4180 illo
566 4123 749 4181 codice
790 4124 1150 4196 transcriptus
1201 4142 1316 4181 etse
1361 4123 1629 4181 videatur.
1704 4123 1784 4179 cf.
1834 4122 2083 4195 Wright:
2138 4123 2441 4195 Catalogue
2484 4124 2551 4180 of
