3067 4984
1515 525 1959 595 ...22-

677 695 927 762 exitium
957 699 1141 782 atque
1185 697 1465 764 interitus
1519 703 1657 766 est“
1674 702 1741 788 ¹).
1832 698 1967 779 Qua
2018 698 2117 792 de,
2140 719 2323 768 causa
2352 700 2585 790 Joseph
2627 701 2804 768 illam

683 803 1002 888 virginem,
1071 825 1228 891 quae
1275 827 1308 872 e
1335 805 1609 873 fenestra
1649 809 1835 874 turris
1882 806 2151 891 videbat,
2220 811 2383 876 exire
2428 813 2617 896 atque
2664 808 2810 876 abs-

680 909 895 978 cedere
946 912 1142 980 iussit.
1220 910 1520 1000 Putiphar
1552 917 1789 984 autem:
1869 914 2033 998 „Illa
2078 916 2305 1002 puella,
2352 918 2567 1004 inquit,
2614 939 2807 1004 quam

672 1020 736 1084 in
780 1020 933 1084 turri
989 1022 1378 1108 conspicariS‚
1435 1043 1557 1102 non
1611 1023 1832 1090 mulier
1886 1025 2209 1112 peregrina
2260 1030 2377 1107 est,
2434 1024 2543 1092 sed
2586 1029 2809 1092 nostra

671 1126 797 1192 filia
841 1131 938 1196 est
979 1129 1172 1212 virgo,
1217 1149 1376 1214 quae
1421 1150 1664 1196 omnem
1708 1131 2027 1198 hominem
2072 1137 2135 1200 et
2164 1133 2363 1200 virum
2407 1134 2798 1220 peregrinum

682 1233 942 1322 despicit
983 1256 1180 1322 neque
1202 1237 1252 1323 ²')
1296 1259 1590 1324 umquam
1658 1239 1749 1326 [p.
1820 1240 1935 1327 24]
1984 1261 2354 1326 quemquam
2402 1262 2611 1307 eorum
2671 1240 2803 1306 ullo

673 1340 856 1408 modo
903 1347 1114 1408 secuta
1159 1350 1275 1427 est,
1321 1345 1438 1410 nisi
1467 1344 1633 1432 quod
1676 1350 1741 1412 te
1785 1345 1965 1412 hodie
1998 1345 2174 1427 vidit3
2228 1350 2292 1414 et
2336 1349 2389 1412 si
2426 1349 2541 1430 viS,
2587 1348 2799 1416 veniat

674 1448 754 1514 ad
775 1451 828 1536 ²)
873 1449 1275 1518 Nobilitatem
1319 1459 1494 1518 tuam
1540 1452 1914 1520 adorandam
1962 1458 2026 1520 et
2070 1454 2483 1536 salutandam
2548 1461 2610 1522 et
2656 1476 2799 1522 cum

676 1556 802 1622 filia
824 1560 1036 1622 nostra
1083 1558 1182 1640 sit,
1219 1579 1388 1625 soror
1434 1563 1544 1624 tua
1576 1564 1733 1626 est“.
1826 1559 2055 1648 Joseph
2091 1561 2271 1628 valde
2317 1561 2605 1645 laetatuS‚
2630 1563 2801 1648 quod

673 1661 972 1751 Putiphar
1026 1687 1162 1731 eam
1205 1667 1500 1750 virginem
1549 1689 1683 1734 esse
1706 1670 1757 1756 4)
1791 1666 2048 1750 dixerat,
2083 1667 2489 1736 deliberabat:
2583 1670 2647 1735 Si
2690 1670 2805 1735 illa

661 1771 832 1854 virgo
900 1773 1186 1840 innocens
1241 1778 1338 1840 est
1404 1779 1468 1841 et
1520 1796 1763 1841 omnem
1830 1777 2029 1842 virum
2074 1778 2460 1864 peregrinum
2532 1779 2789 1863 spernit,

669 1900 769 1945 me
821 1901 940 1946 non
994 1882 1260 1948 vexabit.
1352 1881 1642 1969 Dixitque
1696 1882 2013 1970 Putiphari
2086 1884 2335 1969 eiusque
2402 1885 2793 1972 propinquis:

671 1985 778 2068 „Si
825 1987 948 2052 filia
981 1993 1189 2054 vestra
1235 1993 1298 2056 et
1344 1991 1514 2073 virgo
1562 1993 1791 2056 testata
1822 1994 1937 2072 est,
1984 1991 2209 2072 veniat,
2256 1983 2422 2074 quod
2454 1992 2799 2078 propinqua

671 2115 813 2158 mea
857 2101 982 2175 est,·
1031 2100 1095 2162 et
1139 2096 1217 2161 ab
1271 2097 1388 2162 hoc
1441 2096 1540 2162 die
1594 2118 1787 2180 aeque
1834 2116 1907 2162 ac
1965 2118 2237 2164 sororem
2282 2119 2420 2164 eam
2475 2098 2791 2182 diligam“.

671 2200 752 2266 Et
805 2205 1004 2267 mater
1058 2201 1409 2270 Asenethae
1461 2204 1525 2268 in
1577 2205 1795 2269 turrim
1849 2203 2124 2270 ascendit
2178 2210 2363 2288 atque
2416 2203 2799 2272 Asenetham

669 2307 922 2374 adduxit
989 2314 1052 2376 et
1119 2316 1262 2400 ante
1321 2310 1659 2398 Josephum
1728 2313 2061 2378 constituit.
2153 2310 2441 2395 Dixitque
2497 2311 2799 2398 Putiphar

672 2414 1020 2483 Asenethae
1079 2417 1266 2484 filiae:
1384 2417 1691 2500 „Accede,
1749 2418 1937 2484 adora
1974 2422 2023 2505 ⁵)
2084 2418 2482 2502 osculareque
2539 2418 2797 2486 fratrem

671 2528 865 2606 tuum,
913 2525 1077 2608 quod
1123 2525 1366 2593 caelebs
1413 2530 1509 2592 est
1555 2531 1625 2592 ut
1668 2531 1737 2592 tu
1791 2525 1969 2592 hodie
2016 2532 2080 2593 et
2134 2527 2518 2614 peregrinam
2564 2527 2802 2614 spernit

673 2636 744 2696 ut
787 2635 858 2696 tu
907 2633 1108 2699 virum
1154 2633 1607 2720 peregrinum“.
1702 2632 1782 2697 Et
1826 2631 2103 2698 Aseneth
2147 2632 2485 2719 Josephum
2532 2633 2807 2698 allocuta

681 2741 795 2804 est:
869 2739 1116 2822 „Salve,
1197 2740 1514 2806 benedicte
1584 2737 1699 2806 Dei
1782 2741 2067 2804 summi“.
2190 2738 2477 2823 Dixitque
2544 2739 2806 2826 Joseph:

676 2846 1049 2930 „Benedicat
1068 2849 1118 2935 ις)
1150 2848 1254 2913 tibi
1282 2845 1601 2930 DominuS,
1654 2868 1837 2914 causa
1877 2847 2041 2913 vitae
2083 2848 2411 2915 universi“.
2502 2847 2599 2913 Ac
2626 2837 2799 2914 Puti-

673 2955 826 3039 phar
858 2954 938 3019 ad
970 2954 1187 3020 ffliam:
1280 2953 1587 3036 „Accede‚
1618 2955 1833 3038 inquit,
1870 2958 1935 3020 et
1964 2954 2241 3020 osculare
2272 2955 2527 3020 fratrem
2557 2960 2797 3023 tuum“.

672 3058 836 3126 Dum
867 3059 1144 3126 Aseneth
1190 3063 1660 3148 appropinquat,
1706 3058 1745 3126 J
1746 3061 1938 3148 oseph
1985 3061 2263 3144 dextram
2308 3083 2491 3131 suam.
2530 3064 2801 3150 porrexit

819 3203 865 3271 ¹)
901 3205 966 3260 cf.
1007 3203 1140 3259 Gen.
1178 3205 1338 3270 2433.
1377 3203 1464 3270 28,
1497 3205 1547 3258 6.
1585 3203 1739 3259 Prov.
1780 3202 1831 3272 Β,
1854 3201 2081 3259 16-18,

820 3294 862 3360 ²)
899 3298 983 3352 καὶ
1039 3303 1142 3366 οὔχ
1189 3299 1423 3368 ἑώρακεν
1461 3299 1625 3368 αὐτὴν
1659 3298 1871 3352 πώποτε
1910 3294 2074 3360 ἄλλος
2128 3298 2259 3368 ἀνὴρ
2298 3297 2351 3352 εἷ
2395 3294 2478 3368 μή
2535 3300 2601 3352 σὺ
2638 3300 2800 3364 μόνος

671 3384 923 3460 σήμερον,
960 3390 1088 3444 διότι
1121 3389 1364 3458 θυγάτηρ
1401 3389 1550 3458 ἡμῶν
1588 3389 1725 3442 ἐστὶν
1761 3388 2041 3458 παρθένος.

826 3475 870 3542 ³)
903 3481 989 3535 καὶ
1025 3482 1448 3550 προσαγορεύσει
1483 3499 1563 3534 σε.

818 3567 861 3636 ⁴)
897 3566 959 3620 In
995 3569 1038 3623 t.
1077 3566 1170 3623 Gr.
1208 3565 1376 3620 etiam
1411 3566 1609 3621 verba:
1687 3573 1915 3634 μισοῦσα
1964 3569 2127 3622 πάντα
2174 3565 2341 3638 ἄνδρα
2376 3563 2646 3632 leguntur,
2696 3563 2791 3618 sed

679 3669 1072 3737 desiderantur,
1127 3689 1266 3741 quae
1321 3671 1380 3726 in
1416 3671 1635 3742 Syriaco
1680 3690 1716 3727 a
1772 3660 2057 3744 aude
2095 3689 2263 3741 utque
2286 3669 2357 3727 ad
2418 3660 2528 3730 ,ὦ
2594 3660 2789 3742 Lan.»

675 3769 1036 3824 inveniuntur.
1799 3823 1802 3826 .

823 3858 864 3930 ³)
899 3857 1086 3915 Lectio
1123 3857 1332 3916 Graeca
1384 3860 1486 3917 hoo
1521 3863 1643 3919 loco
1688 3880 1798 3918 non
1838 3864 1975 3921 bene
2024 3863 2340 3918 conservata
2382 3877 2497 3915 esse
2545 3859 2672 3916 vide
2690 3864 2793 3930 tui-3

682 3967 823 4023 pone
849 3954 1085 4010 ἄσπασον
1108 3951 1392 4006 minimum
1417 3955 1639 4026 φίλησον
1657 3953 1913 4008 omissum
1940 3956 2037 4016 est,
2076 3953 2135 4007 et
2167 3967 2307 4021 pone
2343 3950 2582 4028 σήμερον
2607 3951 2784 4017 verba,

675 4095 815 4148 quae
849 4076 1026 4135 verbi·
1061 4084 1302 4158 ..αμα-1
1361 4067 1583 4182 ,εχὲ
1619 4068 1821 4156 ,ΛΔ-119
1859 4067 1963 4164 ,ul
2014 4065 2381 4159 uui-:2222
2417 4066 2641 4151 finano
2704 4093 2788 4132 re-

680 4191 966 4266 spondent,
1003 4194 1396 4267 desiderantur,
1431 4215 1555 4252 cum
1591 4199 1649 4254 in
1685 4213 1794 4256 ver.
1834 4198 1949 4254 Lat.
1998 4198 2126 4267 „qui
2164 4197 2280 4253 odit
2316 4213 2503 4253 omnes
2544 4195 2787 4252 mulieres

678 4284 1022 4355 alienigenas,
1067 4284 1206 4341 sicut
1240 4288 1304 4341 tu
1342 4303 1526 4342 omnes
1567 4285 1743 4342 vir-ow
1785 4289 2042 4358 legamus.

822 4375 864 4441 ⁶)
904 4375 1052 4429 Ruth
1087 4374 1138 4442 2,
1175 4375 1227 4434 4.
