3067 4984
1423 404 1867 468 ...lg-

577 599 690 646 nos
723 581 912 670 venit,
959 585 1026 646 et
1059 581 1156 646 hic
1185 580 1534 666 praefectus
1568 579 1763 644 omnis
1794 583 1995 645 terrae
2026 579 2297 666 Aegypti
2336 581 2433 644 est
2448 581 2519 664 ¹),
2550 575 2716 663 quod

578 685 818 752 Pharao
888 707 996 752 rex
1069 709 1208 752 eum
1285 688 1402 752 toti
1457 693 1657 752 terrae
1726 687 2022 773 praefecit
2035 686 2109 771 ¹).
2202 685 2408 770 Atque
2467 685 2563 750 hic
2618 689 2715 750 est

575 792 952 880 redemptor,
1000 815 1146 859 nam
1191 794 1497 859 frumento
1540 812 1613 858 ac
1658 793 1795 858 cibo
1841 794 2005 858 omni
2034 797 2236 858 terrae
2282 791 2549 856 salutem
2578 789 2706 873 dat,

579 922 656 966 ne
683 903 734 987 ³)
789 901 952 966 fame
1000 903 1282 968 veniente
1328 900 1603 970 tollatur.
1694 899 1774 966 Et
1818 899 2048 986 Joseph
2098 903 2195 966 est
2248 897 2447 964 Deum
2493 918 2711 965 verens

578 1013 642 1074 et
698 1009 998 1092 ingenuus
1045 1014 1108 1074 et
1163 1006 1432 1094 prudens
1479 1014 1543 1072 et
1599 1006 1841 1072 caelebs
1886 1011 1956 1072 ut
2008 1013 2078 1073 tu
2124 1005 2331 1087 hodie3
2386 1006 2572 1070 etiam
2616 1011 2714 1072 est

575 1115 614 1180 J
615 1115 806 1202 oseph
866 1117 960 1182 vir
1025 1135 1284 1200 magnae
1355 1115 1691 1200 sapientiae
1762 1114 2114 1200 multaeque
2176 1113 2484 1194 scientiae,
2549 1110 2713 1198 quod

578 1223 828 1308 spiritus
876 1220 992 1287 Dei
1047 1221 1255 1286 Sancti
1277 1223 1328 1307 ⁴)
1397 1222 1458 1284 in
1515 1241 1589 1286 eo
1635 1225 1699 1286 et
1747 1220 2085 1303 benignitas
2158 1219 2397 1284 Domini
2452 1240 2591 1285 cum
2636 1239 2709 1284 eo

579 1335 697 1394 est.
789 1327 1008 1414 Itaque
1055 1329 1216 1409 veni,
1279 1348 1418 1394 mea
1463 1327 1609 1409 filia,
1656 1333 1727 1392 ut
1780 1331 1846 1392 te
1892 1329 1948 1393 ei
2004 1347 2259 1392 uxorem
2304 1325 2471 1412 dem3
2539 1331 2601 1392 et
2646 1332 2715 1392 tu

580 1436 709 1502 eius
763 1455 992 1520 sponsa
1037 1435 1142 1516 siS,
1197 1439 1380 1519 atque
1438 1433 1543 1498 ille
1602 1455 1861 1520 sponsus
1907 1439 2051 1499 tuus
2106 1435 2167 1498 in
2214 1439 2460 1520 tempus
2513 1439 2711 1500 aeter-

577 1547 790 1609 num“.
882 1540 1356 1627 Asenethaeque
1399 1540 1506 1626 ubi
1572 1525 1721 1606 haec
1778 1541 1975 1627 patris
2018 1540 2211 1607 verba
2241 1539 2493 1620 audivit,
2540 1561 2713 1607 vere-

577 1648 833 1716 cundiae
903 1649 1090 1714 rubor
1112 1652 1162 1735 ⁵)
1219 1647 1486 1714 suffusus
1542 1651 1656 1730 est,
1706 1653 1770 1714 et
1816 1669 1954 1714 cum
2021 1651 2113 1714 ira
2170 1655 2232 1714 et
2300 1646 2708 1731 indignatione

575 1762 818 1844 patrem
875 1757 1206 1843 aspiciens:
1302 1754 1487 1837 „Cur,
1545 1755 1759 1840 inquit,
1831 1755 2110 1822 dominus
2166 1775 2340 1820 meus
2413 1759 2711 1841 paterque

577 1865 729 1929 haec
773 1863 964 1950 verba
1007 1863 1174 1944 facit,
1197 1865 1249 1948 ὃ)
1294 1883 1394 1927 me
1442 1852 1670 1927 homini
1718 1865 1958 1949 captivo
2005 1883 2077 1928 ac
2102 1863 2375 1946 fugitivo,
2420 1863 2524 1948 qui
2571 1883 2715 1930 ven-

576 1969 738 2036 ditus
789 1988 984 2055 neque
1031 1968 1344 2056 popularis
1389 1991 1564 2035 meus
1612 1971 1712 2051 sit,
1772 1992 1839 2036 se
1866 1970 2151 2036 daturum
2205 1968 2380 2036 esse?
2426 1969 2641 2034 Nonne
2665 1971 2717 2055 7)

578 2078 696 2142 iste
767 2083 864 2142 est
933 2075 1092 2141 filius
1162 2078 1426 2163 pastoris
1482 2074 1881 2142 Chananaei?
1970 2075 2522 2164 Deprehensusque
2595 2083 2710 2158 est,

579 2204 719 2250 cum
773 2181 1144 2248 adulterium
1200 2184 1262 2247 in
1309 2181 1619 2248 dominam
1646 2240 1649 2242 ,
1675 2206 1851 2249 suam
1896 2190 2241 2266 conaretur3
2315 2191 2377 2251 et
2438 2183 2717 2250 dominus

577 2293 710 2358 eius
756 2291 817 2355 in
865 2311 1170 2356 carcerem
1192 2293 1241 2378 ⁸)
1290 2290 1615 2356 obscurum
1672 2313 1811 2358 eum
1858 2293 2130 2358 coniecit.
2226 2292 2431 2378 Atque
2476 2289 2713 2356 Pharao

584 2421 724 2464 eum
775 2420 808 2464 e
856 2418 1094 2464 carcere
1143 2396 1445 2481 liberavit,
1493 2400 1636 2485 quia
1668 2401 1723 2466 ei
1770 2401 2069 2464 somnium
2104 2405 2422 2486 tamquam
2469 2420 2591 2463 una
2638 2419 2711 2463 ex

580 2506 803 2574 vetulis
849 2505 1121 2592 Aegypti
1176 2507 1618 2592 interpretatus
1674 2510 1788 2573 est.
1882 2505 2147 2588 Minime,
2205 2529 2240 2572 o
2306 2511 2502 2594 pater,
2558 2506 2717 2570 hunc

580 2634 822 2700 sequar,
857 2611 967 2678 sed
999 2613 1402 2699 primogenito
1433 2611 1769 2678 Pharaonis
1814 2613 2060 2696 nubam,
2110 2634 2246 2679 cum
2291 2614 2391 2679 hic
2426 2614 2710 2700 princeps

583 2725 647 2785 et
691 2739 797 2784 rex
845 2716 1119 2804 Aegypti
1175 2719 1318 2784 sit“.
1389 2717 1469 2784 Et
1481 2721 1532 2804 ⁹)
1588 2717 1886 2805 Putiphar
1963 2741 2159 2807 aequo
2226 2721 2427 2785 animo
2444 2723 2523 2806 ¹⁰)
2574 2718 2717 2784 tulit

585 2827 674 2914 [p.
727 2825 840 2912 22]
899 2828 962 2890 et
1007 2825 1239 2890 veritus
1287 2829 1401 2906 est,
1459 2846 1537 2890 ne
1584 2846 1767 2912 porro
1816 2825 1893 2892 de
1947 2826 2055 2891 illa
2098 2849 2164 2892 re
2220 2846 2359 2892 cum
2403 2825 2718 2892 Asenetha

579 2933 950 3020 loqueretur,
1006 2951 1144 2996 cum
1215 2931 1476 3018 superbe
1531 2937 1718 3018 atque
1792 2932 2083 3000 audacter
2136 2935 2193 3000 ei
2259 2933 2339 3032 ad
2400 2933 2482 3016 id,
2552 2931 2719 3020 quod

583 3038 839 3121 dixerat,
887 3036 1322 3124 respondisset.

725 3237 766 3306 ¹)
804 3234 936 3292 Gen.
973 3240 1061 3304 45,
1111 3233 1196 3288 26.

725 3313 768 3394 Ξ)
805 3313 939 3380 Gen.
975 3325 1068 3387 41,
1104 3323 1194 3378 43.

727 3414 770 3483 ³)
807 3421 865 3472 ἐκ
902 3423 996 3472 τοῦ
1034 3418 1396 3489 ἐπερχομένου
1434 3417 1611 3482 λιμοῦ.

656 3523 665 3536 ·
735 3506 778 3574 ⁴)
816 3503 898 3561 Cf.
934 3503 1033 3559 Ex.
1072 3503 1157 3567 31,
1181 3503 1232 3558 3.
1287 3502 1395 3558 Jes.
1438 3505 1520 3568 11,
1545 3504 1597 3558 2.

735 3594 777 3661 ⁸⁵)
814 3601 976 3668 ἱδρὼς
1011 3597 1193 3660 πολύς.

732 3685 775 3755 ⁸)
813 3683 948 3740 Gen.
985 3684 1074 3752 44,
1096 3685 1145 3740 7.

733 3775 777 3845 ⁷)
818 3772 968 3829 Haec
1003 3770 1309 3828 enuntiatio
1345 3771 1403 3824 in
1442 3772 1482 3826 t.
1523 3769 1616 3827 Gr.
1655 3771 2010 3830 desideratur.

734 3864 777 3932 ⁸)
813 3861 896 3918 cf.
935 3861 1185 3918 Noldeke
1220 3861 1255 3917 l.
1278 3862 1378 3928 αξ
1415 3860 1538 3916 243.

731 3941 778 4024 3)
813 3959 980 4012 ταῦτα
1019 3956 1250 4016 &abacos
1289 3955 1319 4007 d
1359 3959 1655 4025 ἁτενὴεφρῆς
1687 3951 1909 4028 ᾐδέσθη.
1948 3992 1963 4008 .
2005 3996 2017 4009 .
2056 3991 2070 4008 .

739 4081 806 4151 ¹⁰)
848 4071 995 4154 [⁸03
1072 4081 1318 4184 ᾹΘῆ-ικέ
1383 4075 1470 4132 vel
1525 4067 1672 4150 1...οὸ
1749 4077 1966 4187 Abeo
2047 4076 2372 4146 respondent
2445 4077 2711 4134 Hebraico

587 4221 748 4294 ηεξ-κ
785 4213 919 4306 τῆς
955 4209 1111 4266 Prov.
1150 4209 1236 4274 25,
1266 4209 1349 4266 15.
2264 4185 2270 4192 ’
