3067 4984
1472 437 1906 500 -10—

635 633 821 676 unum
845 610 1088 676 efficere
1113 631 1459 698 possumus,
1485 631 1605 696 quo
1630 615 1907 697 tempore
1932 615 2133 676 textus
2158 609 2441 696 Syriacus
2465 611 2755 677 historiae

635 718 980 783 Asenethae
1007 722 1176 784 ortus
1206 720 1304 800 sit,
1346 719 1631 802 quoniam
1656 716 1927 804 Moysem
1953 717 2357 801 Aghelaeum,
2383 719 2485 803 qui
2511 740 2647 783 eam
2694 718 2760 782 in

635 845 974 890 sermonem
1028 824 1340 911 Syriacum
1411 824 1746 906 transtulit,
1818 823 2017 890 medio
2072 824 2315 890 saeculo
2384 830 2556 892 sexto
2610 829 2755 911 post

635 931 776 997 Chr.
823 954 881 996 n.
942 931 1215 998 floruisse
1261 935 1472 998 notum
1522 937 1636 998 est.
1724 930 2145 1019 Archetypum
2199 935 2405 996 autem
2452 930 2755 997 Graecum

635 1039 938 1126 quomodo
1006 1061 1073 1105 se
1141 1037 1362 1105 habet?
1451 1038 1639 1104 Estne
1694 1038 1867 1104 nobis
1913 1037 2173 1104 facultas
2229 1036 2557 1118 statuendi,
2628 1059 2749 1123 quo

631 1151 906 1234 tempore
974 1147 1315 1214 confectum
1369 1145 1486 1212 sit?
1584 1145 1983 1236 AssemanuS,
2053 1146 2156 1231 qui
2212 1146 2273 1210 in
2340 1135 2520 1212 tertio
2577 1152 2745 1212 tomo

631 1251 1040 1320 Bibliothecae
1071 1247 1398 1319 Orientalis
1445 1253 1790 1336 catalogum
1821 1251 2124 1318 Ebediesu
2161 1251 2449 1319 Sobensis
2483 1275 2744 1340 sequens

632 1359 820 1425 libros
867 1359 1104 1426 Veteris
1149 1359 1527 1426 Testamenti
1581 1366 1643 1426 et
1698 1358 1998 1446 quaedam
2044 1358 2467 1426 Hebraeorum
2521 1362 2750 1448 scripta

632 1471 975 1548 enumerat,
1022 1467 1180 1533 inter
1226 1487 1332 1534 eos
1378 1468 1563 1533 etiam
1608 1466 1831 1531 librum
1856 1469 1905 1552 ι)
1971 1466 2168 1550 affert,
2226 1470 2323 1554 qui
2373 1467 2745 1534 inscribitur:

629 1612 930 1670 ..αα-α’»
1068 1627 1166 1690 ῡ-εο
1269 1598 1403 1682 hb
1495 1621 1735 1670 aava.
1775 1624 1799 1640 -’
1875 1595 2041 1675 ml
2172 1599 2376 1688 mh
2512 1599 2751 1682 Lamo

631 1729 786 1796 hanc
829 1728 1284 1796 adnotationem
1340 1728 1632 1794 adiciens:
1727 1727 1967 1810 „Huius
2012 1730 2169 1810 libri,
2228 1751 2411 1816 quem
2457 1729 2747 1796 Sobensis

631 1835 898 1924 Josepho
941 1837 1173 1918 tribuit,
1231 1856 1411 1902 nemo
1457 1841 1735 1903 veterum
1791 1838 2091 1918 meminit3
2165 1858 2277 1904 nec
2332 1837 2511 1922 quale
2566 1838 2750 1903 fuerit

634 1965 806 2030 opus,
862 1942 1130 2010 divinare
1167 1963 1514 2030 possumus,
1570 1963 1758 2028 quum
1804 1944 1975 2009 nulla
2018 1943 2081 2008 id
2126 1943 2523 2027 Bibliotheca,
2580 1943 2744 2030 quod

633 2053 840 2134 sciam,
887 2055 1320 2137 repraesentet.
1417 2050 1707 2137 Suspicor
1763 2052 2078 2118 historiam
2124 2072 2259 2118 esse
2318 2052 2561 2136 originis
2606 2072 2746 2135 ges-

629 2162 950 2244 torumque
995 2157 1361 2239 Asenethae,
1407 2159 1612 2222 uxoris
1642 2157 1680 2222 J
1684 2158 1913 2244 osephi,
1961 2158 2068 2223 filii
2110 2159 2300 2225 Jacob
2330 2157 2747 2240 Patriarchae,

630 2286 704 2330 ex
758 2263 1048 2329 fabulosis
1092 2263 1466 2330 Judaeorum
1519 2265 1985 2331 narratiunculis
2043 2267 2542 2348 consarcinatam,
2590 2265 2746 2337 ,Fla-

627 2373 846 2458 vioque
892 2370 1159 2458 Josepho
1215 2377 1320 2437 aut
1379 2375 1545 2437 certe
1606 2370 1916 2437 Gorionidi
1970 2372 2326 2438 tributam“.
2420 2372 2625 2440 Rosen
2684 2378 2748 2438 et

629 2477 910 2545 Forshall
979 2476 1338 2565 [Catalogus
1397 2477 1670 2543 codicum
1726 2467 2276 2566 Manuscriptorum
2324 2479 2743 2560 Orientalium,

628 2588 730 2672 qui
773 2588 835 2651 in
878 2584 1086 2652 Museo
1132 2585 1477 2651 Britannico
1533 2592 1946 2667 asservantur,
2004 2585 2257 2652 Londini
2308 2591 2497 2655 1838.
2589 2584 2745 2650 Pars

629 2695 826 2779 prima
856 2715 917 2782 p.
953 2693 1066 2778 82]
1113 2692 1448 2758 rectissime
1495 2692 1763 2758 iudicant
1808 2692 2084 2758 libellum
2117 2694 2291 2758 illum
2338 2693 2415 2759 ab
2446 2693 2751 2759 Ebediesu

628 2799 886 2865 allatum
931 2798 1188 2865 eundem
1235 2797 1653 2885 accipiendum
1700 2820 1835 2865 esse
1892 2803 2076 2886 atque
2123 2806 2476 2881 tractatum,
2534 2800 2637 2886 qui
2681 2799 2746 2864 in

630 2905 833 2972 codice
881 2905 1244 2972 Londinensi
1289 2904 1451 2971 Add.
1514 2911 1684 2973 7190
1740 2907 2002 2992 scriptus
2054 2908 2375 2974 invenitur.
2468 2905 2642 2984 Quod
2695 2907 2750 2971 si

628 3020 742 3095 est,
766 3035 961 3099 neque
986 3011 1023 3078 J
1026 3013 1290 3099 osephus
1317 3011 1565 3078 Flavius
1595 3035 1793 3100 neque
1814 3012 2119 3100 Josephus
2144 3013 2502 3080 Gorionides
2533 3018 2748 3079 auctor

627 3143 761 3187 esse
806 3125 1030 3208 potest.
1123 3119 1288 3185 Nam
1330 3118 1864 3208 Pseudoiosephus
1921 3142 2073 3207 opus
2118 3143 2298 3187 suum
2346 3121 2457 3186 sub
2504 3121 2746 3187 nomine

623 3228 918 3315 Josippon
963 3231 1195 3308 notum,
1240 3228 1302 3292 in
1333 3247 1453 3312 quo
1497 3229 1747 3315 insuper
1775 3228 2122 3295 Asenethae
2168 3229 2339 3294 nulla
2382 3225 2611 3295 'mentio
2656 3227 2747 3308 fit,

626 3339 914 3421 quattuor
960 3333 1216 3399 saeculis
1263 3339 1406 3421 post
1455 3334 1731 3421 Moysem
1779 3335 2165 3420 Aghelaeum
2218 3335 2461 3401 saeculo
2508 3335 2745 3401 decimo

626 3443 891 3529 scripsit3
925 3443 974 3528 ²)
1032 3446 1094 3506 et
1137 3441 1176 3506 J
1179 3442 1440 3530 osephus
1486 3441 1754 3525 FlaviuS,
1838 3444 1945 3528 'qui
1989 3442 2235 3530 quidem
2288 3444 2350 3506 in
2395 3441 2748 3528 Antiquita-

625 3549 787 3616 tibus
835 3550 960 3614 suis
1009 3545 1139 3635 [lib.
1189 3547 1250 3612 ΙΙ
1297 3569 1429 3634 cap.
1461 3551 1664 3636 2—8]
1711 3550 1991 3614 fabulosa
2022 3550 2323 3636 quaedam
2366 3549 2443 3614 de
2473 3547 2746 3635 Josepho

623 3662 850 3736 narrat,
899 3655 975 3721 de
1023 3656 1150 3720 eius
1194 3676 1381 3720 uxore
1427 3677 1527 3720 res
1560 3656 1735 3722 fictas
1779 3677 1897 3722 non
1929 3657 2134 3722 refert.
2228 3655 2484 3721 Omnino
2530 3659 2744 3720 auctor

624 3764 984 3827 narrationis
1039 3767 1282 3828 nostrae
1327 3761 1599 3828 Judaeus
1658 3763 1867 3828 haberi
1920 3784 2039 3828 non
2094 3769 2322 3850 potest,
2391 3761 2556 3848 quod
2608 3767 2762 3832 tota.

625 3869 1061 3935 sententiarum
1093 3869 1287 3954 copia,
1312 3871 1372 3934 in
1397 3889 1520 3954 qua
1552 3871 1814 3955 scriptor
1840 3876 2137 3952 versatur,
2172 3871 2463 3954 originem
2487 3867 2743 3934 Christi-

625 3997 804 4040 anam
850 3996 996 4060 prae
1043 3996 1109 4040 se
1155 3975 1292 4041 fert.
1345 3975 1618 4058 Vestigia
1664 3981 1871 4042 autem
1918 3976 2135 4062 quibus
2184 3982 2462 4062 apparet,
2496 3974 2741 4060 quando

626 4087 688 4147 et
731 4082 834 4146 ubi
879 4081 1086 4146 fabula
1131 4083 1406 4147 confecta
1451 4084 1550 4163 sit,
1600 4084 1863 4168 reperire
1911 4104 2033 4148 nou
2078 4083 2270 4169 potui.

769 4223 811 4292 1)
850 4195 1291 4278 Ct'sAssemanus
1327 4224 1363 4279 1.
1405 4241 1447 4278 e.
1487 4227 1527 4278 t.
1567 4224 1643 4278 ΙΙΙ
1679 4242 1731 4294 p.
1773 4225 1822 4280 7.
1900 4227 2109 4280 Romae
2152 4232 2305 4281 1725.

765 4313 808 4380 ²)
846 4311 929 4368 Cf.
966 4312 1106 4382 Zunz
1142 4313 1178 4368 l.
1217 4329 1262 4368 c.
1301 4332 1353 4382 p.
1399 4319 1515 4373 146.
1592 4314 1787 4369 Graetz
1824 4315 1862 4373 l.
1902 4331 1953 4370 c.
1990 4317 2030 4370 t.
2068 4313 2119 4367 V
2154 4331 2208 4384 p.
2250 4321 2350 4368 281
2393 4316 2449 4368 et
2475 4319 2593 4370 356.
