3067 4984
1351 429 1787 492 -36-

511 627 585 672 ex
631 606 801 672 caelo
873 606 934 670 in
982 604 1167 670 cubili
1183 606 1234 691 ¹)
1289 625 1428 670 meo
1493 605 1693 670 visum
1739 603 1904 685 6556“,
1962 607 2025 668 61
2069 622 2227 668 1111110
2280 599 2358 666 ad
2404 599 2641 666 caelum

521 713 911 779 revertitur“.
1001 711 1286 797 Dixitque
1321 712 1624 778 Aseneth:
1676 709 2011 794 „Condona
2042 731 2255 776 servae
2284 713 2451 790 tuae,
2484 703 2647 793 quod

507 841 620 906 per
665 817 1137 906 imprudentiam
1181 817 1372 884 verba
1416 839 1559 884 mea
1602 817 1805 884 locuta
1850 823 2050 884 sum“.

689 960 854 1039 Quae
904 981 1042 1027 cum
1086 963 1148 1026 in
1203 961 1405 1026 animo
1476 981 1585 1026 suo
1644 961 1975 1044 cogitaret,
2045 961 2233 1026 intrat
2279 959 2639 1026 adolescens

507 1067 862 1156 Putipharis
919 1073 983 1134 et
1037 1068 1202 1134 domi
1258 1069 1526 1134 nuntiat:
1634 1067 1769 1150 „En
1825 1069 1919 1132 vir
1970 1067 2107 1149 Dei,
2165 1066 2401 1153 Joseph
2455 1068 2641 1148 venit,

523 1180 587 1242 et
630 1175 810 1243 lictor
859 1177 988 1242 61115
1047 1175 1212 1263 apud
1264 1179 1509 1262 portam
1568 1175 1745 1240 aulae
1794 1179 1983 1241 stat“.
2075 1175 2157 1240 Et
2202 1174 2478 1241 Aseneth
2534 1197 2643 1239 nu-

513 1283 755 1347 tricium
782 1304 980 1364 suum,
1027 1283 1407 1370 praefectum
1438 1283 1657 1348 domus
1690 1283 1905 1370 patris,
1956 1283 2195 1348 vocavit
2234 1281 2502 1368 dixitque
2550 1283 2636 1348 ei:

518 1388 824 1471 „Paratus
880 1411 946 1456 es
1005 1394 1066 1455 et
1119 1391 1350 1455 instrue
1419 1388 1670 1454 domum
1731 1411 2002 1476 paraque
2061 1411 2349 1473 magnam
2408 1410 2646 1459 cenam>

519 1499 662 1585 quia
705 1497 957 1586 Joseph,
1007 1498 1244 1565 validus
1273 1497 1410 1580 Dei,
1460 1497 1541 1562 ad
1586 1519 1699 1563 nos
1744 1497 1923 1563 hodie
1973 1499 2237 1564 veniet“.
2332 1497 2645 1562 Nutricius

513 1611 722 1672 autem
769 1607 830 1670 in
877 1628 1014 1672 eam
1061 1606 1458 1691 conspicienS‚
1511 1645 1592 1652 —-
1639 1606 1827 1670 facies
1875 1606 2035 1670 enim
2094 1606 2221 1670 eius
2268 1605 2461 1670 tristis
2510 1607 2645 1671 erat

523 1715 808 1802 passione
841 1713 1253 1801 poenitentiae
1301 1718 1540 1800 septem
1569 1713 1802 1778 dierum
1827 1751 1913 1761 —
1940 1713 2148 1779 dolore
2173 1711 2248 1778 de
2285 1735 2359 1779 ea
2389 1711 2647 1778 affectus

524 1825 620 1886 est
666 1823 730 1887 et
774 1820 944 1888 flevit
991 1824 1053 1886 et
1100 1822 1227 1886 eius
1274 1819 1553 1885 dextram
1601 1821 1915 1906 prehensit
1960 1825 2143 1906 atque
2193 1820 2501 1886 osculatus
2550 1824 2647 1885 est

523 1933 586 1994 et
630 1929 745 1994 ait:
820 1927 1018 2010 „Quid
1074 1928 1184 1993 tibi
1233 1931 1348 2008 est,
1407 1927 1532 1992 filia
1577 1949 1736 2008 11166,
1795 1927 1959 2012 quod
2005 1927 2191 1992 facies
2246 1932 2354 1992 tua
2398 1933 2639 1993 moesta

519 2035 700 2102 est“?
747 2034 860 2100 Cui
903 2035 1252 2121 respondit:
1303 2033 1549 2122 „Caput
1595 2035 1742 2100 mihi
1790 2035 2185 2101 vehementer
2231 2033 2529 2115 doluerat,
2578 2039 2641 2099 et

525 2164 772 2208 somnus
817 2142 965 2206 mihi
1011 2146 1226 2228 raptus
1273 2146 1470 2207 erat.“
1539 2141 1618 2208 Et
1675 2143 1884 2206 statim
1940 2142 2234 2206 nutricius
2293 2143 2421 2208 eius
2475 2141 2646 2221 abiit,

521 2256 588 2317 ut
637 2249 884 2316 domum
933 2253 996 2316 et
1043 2271 1253 2316 cenam
1300 2256 1568 2337 pararet.
1662 2249 1937 2316 Aseneth
1983 2254 2190 2315 autem
2238 2251 2351 2316 viri
2398 2251 2645 2336 eiusque

519 2359 843 2425 verborum
913 2355 1233 2423 recordata
1245 2361 1294 2445 ²)
1381 2359 1657 2444 profecto
1716 2357 2001 2424 conclave
2073 2380 2250 2422 suum
2320 2357 2653 2423 secundum

522 2466 792 2547 intravit,
841 2487 960 2551 quo
992 2464 1125 2531 loco
1151 2468 1326 2530 erant
1349 2486 1526 2530 arcae
1553 2469 2048 2530 ornamentorum
2071 2465 2217 2530 eius.
2269 2466 2649 2551 Aperuitque

531 2576 594 2640 et
640 2573 943 2659 prompsit
991 2571 1214 2637 stolam
1246 2571 1649 2659 principalem
1682 2571 2017 2655 fulgentem
2066 2577 2129 2638 61
2174 2572 2369 2638 111(11111
2416 2575 2479 2637 61
2524 2573 2654 2638 vin-

528 2680 680 2748 culis
727 2679 1074 2745 lumborum
1123 2679 1322 2745 aureis
1369 2681 1641 2745 accincta
1688 2682 1808 2759 est3
1862 2683 2045 2766 atque
2094 2679 2369 2744 armillas
2415 2681 2475 2744 in
2521 2703 2652 2744 ma-

523 2789 702 2854 nibus
747 2788 950 2874 posuit
998 2791 1060 2852 et
1107 2787 1305 2872 spiras
1359 2787 1420 2850 in
1465 2786 1656 2873 pedes
1704 2790 1767 2852 et
1811 2786 1873 2850 in
1920 2786 2149 2852 collum
2195 2793 2475 2873 torquem
2524 2786 2647 2852 dis-

527 2895 794 2962 colorem
846 2892 1154 2980 lapidibus
1210 2895 1500 2980 preciosis
1560 2893 1770 2959 multis
1830 2915 2235 2980 coronamque
2292 2917 2541 2960 auream
2587 2895 2649 2959 in

525 3006 710 3089 caput
767 2999 1021 3083 induxit,
1080 3001 1283 3066 omnia
1339 3007 1696 3068 ornamenta
1740 3025 1915 3088 pura.
2010 3001 2089 3067 Et
2144 3003 2206 3066 111
2252 3022 2473 3068 corona
2520 3003 2648 3066 eius

519 3109 767 3175 iacinthi
815 3131 854 3173 a
906 3109 1105 3175 fronte
1153 3108 1514 3176 videbantur
1560 3114 1621 3176 61
1667 3130 1773 3175 sex
1819 3107 2059 3196 lapides
2091 3111 2295 3192 magni
2341 3109 2541 3195 pretii,
2588 3117 2651 3174 et

521 3216 880 3281 theristrum
907 3237 1170 3302 sponsae
1220 3221 1352 3281 erat
1396 3217 1456 3280 in
1508 3216 1709 3302 capite
1758 3216 1907 3296 61115,
1958 3219 2021 3281 61
2068 3220 2378 3302 sceptrum
2427 3217 2486 3279 in
2519 3237 2647 3279 ma-

525 3346 672 3388 num
719 3325 900 3410 cepit.
995 3321 1116 3388 Sed
1163 3323 1352 3389 verba
1411 3323 1651 3389 nutricii
1718 3323 2134 3403 reminiscens,
2206 3324 2308 3409 qui
2380 3323 2432 3387 ei
2475 3322 2638 3387 dixe-

515 3435 614 3496 rat
677 3431 912 3519 nigram
959 3434 1379 3517 moestamque
1435 3451 1569 3497 esse
1627 3429 1805 3494 faciei
1876 3431 2163 3515 speciem,
2212 3429 2392 3496 valde
2466 3431 2633 3512 inge-

525 3539 683 3603 muit
748 3541 812 3603 et
881 3537 1242 3604 contristata
1311 3538 1457 3604 dixit
1505 3536 1809 3603 Aseneth:
1916 3535 2022 3618 „Si
2092 3537 2181 3601 ita
2249 3535 2481 3622 Joseph
2549 3557 2645 3600 me

526 3643 757 3712 videbit
775 3645 852 3730 ³),
899 3666 1000 3709 1116
1063 3648 1470 3711 contemnet.“
1563 3643 1644 3710 Et
1691 3643 1789 3708 uni
1837 3665 1908 3708 ex
1940 3642 2270 3726 virginibus
2302 3643 2427 3708 suis
2474 3642 2650 3708 sociis

673 3875 718 3946 ¹)
757 3876 878 3944 lege
948 3874 1216 3936 ..ΛΟΜ

681 4041 728 4111 ²)
786 4040 1052 4117 ζρσιᾷρο
1087 4039 1164 4094 sic
1200 4040 1258 4094 in
1277 4057 1392 4108 ms„
1435 4040 1528 4096 sed
1565 4039 1726 4094 litera.
1766 4054 1791 4115 ρ
1830 4041 1957 4096 ante
2012 4041 2072 4100 ξ
2108 4039 2339 4096 delenda
2372 4041 2471 4106 est.

680 4201 722 4275 8)
759 4203 880 4276 lege
925 4206 1154 4294 ...η-..1
