3067 4984
1171 559 1617 622 ..19-

505 730 712 816 Atque
744 754 895 820 puer
939 754 1096 799 unus
1127 755 1200 800 ex
1245 734 1441 802 servis
1468 729 1823 822 Putipharis
1869 732 2233 800 acceleravit
2268 731 2448 798 dixit—

327 857 480 922 que:
576 837 712 920 „En
741 838 780 904 J
781 841 972 928 oseph
1013 842 1180 908 venit
1226 846 1289 907 et
1331 840 1524 906 limini
1570 841 2081 928 appropinquat“.
2129 837 2305 918 Quod
2347 838 2453 904 ubi

323 943 604 1011 Aseneth
673 946 749 1013 de
815 946 1085 1035 Josepho
1138 946 1391 1029 audivit,
1459 949 1617 1032 fugit
1690 951 1753 1014 et
1796 969 1837 1012 a
1902 953 2079 1034 patre
2132 951 2451 1033 matreque

325 1071 398 1116 se
429 1051 645 1134 movit3
685 1059 747 1120 et
791 1057 853 1120 in
882 1057 1101 1121 turrim
1147 1054 1420 1122 ascendit
1453 1061 1516 1122 et
1547 1055 1607 1120 in
1640 1055 1927 1124 conclave
1972 1077 2151 1122 suum
2180 1057 2455 1139 ingressa

325 1157 408 1222 ab
438 1159 630 1228 latere
661 1162 965 1228 fenestrae
996 1183 1276 1246 magnae,
1309 1183 1466 1247 quae
1499 1163 1564 1227 in
1592 1163 1891 1230 orientem
1912 1163 2107 1230 solem
2134 1161 2457 1246 vergebat,

328 1267 623 1349 constitit,
670 1274 738 1334 ut
785 1267 822 1334 J
825 1270 1122 1357 osephum
1169 1267 1418 1334 domum
1463 1269 1659 1355 patris
1702 1269 2032 1337 intrantem
2078 1267 2332 1335 videret.

505 1373 803 1462 Putiphar
847 1380 1054 1442 autem
1102 1379 1165 1442 et
1209 1396 1360 1441 uxor
1407 1381 1470 1442 et
1515 1377 1713 1442 omnis
1743 1376 1979 1441 familia
2021 1377 2151 1442 eius
2182 1375 2449 1459 Josegho

326 1481 572 1548 obviam
614 1484 874 1550 iverunt.
965 1482 1287 1568 Portisque
1344 1483 1744 1549 orientalibus
1801 1484 2033 1570 apertis
2078 1481 2307 1570 Joseph
2362 1485 2453 1548 in-

332 1589 543 1669 travit,
577 1610 716 1655 eum
764 1611 942 1655 curru
974 1588 1308 1655 Pharaonis
1362 1590 1628 1655 secundo
1656 1593 1722 1677 ¹),
1776 1590 1856 1655 ad
1890 1611 2073 1676 quem
2098 1591 2234 1676 equi
2266 1583 2454 1677 albi²)

328 1695 562 1780 alligati
613 1703 806 1777 erant,
856 1697 1197 1762 veheretur.
1289 1695 1372 1762 Et
1417 1717 1627 1762 currus
1676 1697 1871 1762 omnis
1916 1703 2063 1762 auro
2108 1717 2263 1782 puro
2310 1717 2453 1762 6011-

336 1807 606 1868 structus
661 1807 812 1885 erat,
884 1808 946 1868 et
1000 1802 1038 1867 J
1039 1804 1230 1890 oseph
1301 1804 1506 1868 tunica
1560 1804 1817 1890 pulchra
1884 1805 2105 1892 speciei
2161 1802 2452 1870 candidae

331 1911 594 1976 vestitus
642 1915 704 1976 et
758 1915 904 1994 toga
956 1909 1266 1997 purpurea
1317 1931 1587 1996 auroque
1643 1916 1814 1976 texta
1868 1911 2125 1977 amiotus
2182 1915 2334 1992 erat,
2392 1915 2455 1977 et

329 2037 554 2084 corona
598 2039 783 2084 aurea
828 2039 1012 2105 super
1055 2019 1255 2105 capite
1303 2019 1452 2100 eius,
1511 2022 1575 2083 et
1619 2018 1683 2083 in
1728 2039 1951 2084 corona
2007 2017 2324 2084 duodecim
2371 2019 2453 2083 si-

324 2123 480 2206 gilla
523 2124 794 2211 lapidum
842 2125 1248 2211 pretiosorum
1294 2123 1480 2191 ‘erant
1526 2130 1590 2191 et
1644 2147 1830 2212 super
1876 2125 2193 2191 duodecim
2236 2124 2455 2212 lapidi·
2508 2199 2514 2207 ‚

323 2231 446 2296 bus
476 2231 744 2315 fulgores
775 2232 940 2296 aurei
972 2232 1148 2317 quasi
1177 2230 1326 2296 radii
1386 2231 1534 2296 solis
1580 2233 1863 2298 nitentes,
1960 2232 2159 2317 Atque
2196 2234 2249 2317 ³)
2280 2252 2454 2318 56611-

323 2343 492 2402 trum
525 2338 763 2424 imperii
809 2359 1060 2403 aureum
1105 2339 1164 2402 in
1211 2339 1460 2404 sinistra
1501 2338 1755 2404 tenebat
1801 2343 1864 2404 et
1906 2339 1970 2404 in
2016 2337 2231 2403 dextra
2274 2336 2454 2403 fiores

317 2444 744 2528 germinabant
789 2449 858 2510 ut
901 2466 1108 2511 ramus
1155 2445 1371 2526 olivae,
1418 2445 1480 2508 in
1511 2465 1632 2530 quo
1678 2445 1913 2510 fruetus
1956 2444 2151 2511 olivae
2198 2446 2453 2532 pingues

323 2555 520 2616 erant.
613 2551 694 2616 Et
736 2555 1067 2638 postquam
1095 2550 1134 2616 J
1137 2552 1328 2638 oseph
1371 2552 1432 2616 in
1479 2551 1686 2616 aulam
1716 2552 2027 2635 ingressus
2074 2555 2189 2633 est,
2237 2556 2452 2638 portae

324 2657 504 2722 auJae
575 2657 816 2723 clausae
875 2663 1046 2739 sunt,
1116 2657 1281 2744 quod
1301 2660 1352 2744 ⁴)
1405 2663 1725 2745 portarum
1792 2657 2077 2726 custodes
2132 2657 2455 2743 diligenter

258 2789 264 2796 ·
323 2767 541 2852 portas
609 2765 958 2830 clauserunt
1015 2771 1079 2831 et
1145 2765 1376 2832 alienos
1431 2766 1597 2831 foras
1667 2765 2056 2853 expulerunt.
2155 2763 2455 2853 Putiphar

325 2875 538 2936 autem
572 2875 636 2938 et
677 2893 831 2937 uxor
861 2877 924 2937 et
968 2874 1289 2959 propinqui
1325 2893 1534 2938 eornm
1582 2877 1828 2958 praeter
1858 2871 2235 2938 Asenetham
2264 2869 2453 2937 filiam

325 2983 718 3046 accesserunt
762 2983 824 3045 et
871 2980 1010 3045 eum
1041 2979 1449 3046 adoraverunt
1469 2982 1545 3066 ⁵);
1599 2982 1660 3046 et
1688 2977 1919 3066 Joseph
1965 2978 2040 3044 de
2095 3001 2271 3045 curru
2316 2977 2455 3045 des-

327 3083 535 3152 eendit
583 3090 646 3152 et
667 3087 716 3172 ὃ)
763 3088 835 3152 115
882 3085 1157 3153 dextram
1205 3088 1557 3176 porrexit7).

491 3287 524 3354 ¹)
561 3285 693 3339 Gen.
734 3286 819 3351 41,
840 3284 930 3340 43.

489 3375 530 3444 ²)
567 3379 709 3432 ἵπποι
745 3381 999 3449 τέσσαρες
1036 3379 1210 3434 λευκοὶ
1247 3381 1323 3442 ὡς
1357 3379 1390 3448 ἡ
1419 3375 1553 3450 χιὼν
1576 3376 1966 3450 χρυσοχάλινοι.

484 3465 526 3531 ³>
561 3463 623 3522 Τ.
661 3463 752 3519 Gr.
789 3463 992 3520 differt:
1030 3470 1115 3524 καὶ
1145 3471 1352 3540 ῥαβδὸς
1384 3469 1650 3536 βασιλικὸς
1705 3470 1760 3522 ἐν
1796 3463 1859 3540 τῇ
1888 3467 2028 3538 χειρὶ
2082 3467 2247 3521 αὐτοῦ
2291 3461 2453 3538 δεξιᾷ.

325 3556 444 3630 ἥτις
477 3557 620 3631 εἶχεν
657 3561 996 3624 ἐκτεταμένον
1049 3560 1241 3614 κλάδον
1291 3551 1484 3622 ἐλὶιίας,
1533 3558 1617 3614 καὶ
1663 3559 1725 3629 ἦν
1775 3555 1976 3632 πλῆθος
2018 3557 2229 3628 καρπῶν
2281 3555 2456 3610 αὐτῶν

327 3655 388 3706 ἐν
425 3651 584 3720 αὐτῷ.
661 3705 666 3711 ,

485 3738 527 3794 ⁴)
568 3735 669 3802 πᾶς
704 3739 836 3810 ἀνήρ
873 3759 930 3792 τε
966 3741 1050 3794 καὶ
1084 3740 1212 3809 γυνὴ
1233 3738 1498 3810 ἀλλότριοι
1533 3737 1739 3803 ἔμειναν
1776 3735 1882 3798 ἔξω
1901 3743 1996 3807 τῆς
2030 3734 2217 3810 αὐλῆς,
2256 3737 2384 3792 διότι
2408 3737 2462 3792 οἱ

329 3832 569 3904 φύλακες
603 3835 706 3884 τῶν
742 3831 917 3884 πυλῶν
954 3832 1279 3886 ἐπεπάσαντο
1313 3828 1398 3884 καὶ
1435 3827 1669 3882 ἔκλεισαν
1706 3828 1800 3890 τὰς
1836 3829 2023 3900 θύρας.

491 3918 532 3985 ⁵)
568 3913 702 3972 Gen.
739 3915 826 3980 42,
849 3915 896 3972 6.
934 3917 1019 3981 43,
1041 3917 1126 3973 26.

490 4007 532 4072 ⁶)
569 4005 671 4058 Hie
706 4021 844 4058 unus
881 4021 1061 4060 versus
1097 4006 1155 4059 in
1191 4008 1231 4062 t.
1271 4004 1361 4061 Gr.
1402 4003 1630 4059 omissus
1666 4004 1769 4057 ent.

483 4133 528 4199 ⁷>
563 4118 857 4202 tam-z>
910 4123 978 4227 ’.6
1043 4136 1220 4230 ῥα..
1287 4131 1368 4185 ve]
1438 4116 1639 4231 ³³40
1686 4121 1759 4187 ‘3
1819 4132 1996 4226 <sm
2052 4125 2277 4198 [10120
2325 4143 2372 4183 r.
2408 4141 2460 4182 a..

337 4285 420 4348 (p.
458 4277 528 4336 36
565 4294 614 4331 v.
659 4276 778 4348 16)]
814 4277 901 4331 vel
937 4275 1098 4331 modo
1144 4274 1212 4340 ‘2
1276 4282 1454 4380 ἐς..
1518 4274 1639 4344 [fol.
1688 4274 1759 4328 24
1815 4293 1867 4330 v.
1922 4274 1974 4328 b.
2014 4276 2088 4340 (p.
2143 4269 2215 4326 45
2274 4286 2325 4325 v,
2375 4269 2459 4340 9)]

341 4384 460 4440 vim
502 4399 754 4438 »manum
790 4381 966 4439 alicui·
989 4381 1300 4452 porrigere«
1341 4380 1543 4436 habere
1578 4379 1715 4436 mihi
1753 4379 2021 4437 videntur.
