3067 4984
1387 343 1831 410 *34-

542 522 830 606 fregerat,
877 524 938 588 in
959 542 1031 588 eo
1063 520 1440 607 completum
1485 525 1601 603 est,
1639 525 1702 586 et
1748 521 1949 586 faetus
1981 521 2097 601 est,
2144 522 2212 586 ut
2242 521 2426 584 antea
2454 517 2677 598 fuerat,

543 649 682 696 oum
727 651 866 695 eum
913 628 1182 695 nondum
1226 630 1531 712 tetigerat.
1626 628 1857 696 Iterum
1904 615 2183 692 dextram
2230 647 2407 692 suam
2435 623 2533 691 ad
2576 625 2670 688 fa-

545 759 690 805 vum
736 739 1007 824 porrexit
1053 741 1116 803 et
1172 757 1311 802 eum
1355 734 1549 818 digito
1597 756 1707 800 suo
1754 733 2013 800 dilucide
2061 755 2101 799 a
2153 734 2347 801 latere
2394 730 2674 800 orientali

545 845 751 928 tetigit
795 849 858 910 et
903 844 982 909 ad
1030 865 1096 910 se
1142 847 1384 930 partem
1447 842 1578 908 eius
1622 843 1827 908 traxit.
1921 841 2002 906 Et
2055 863 2265 908 rursus
2312 841 2529 908 dextra
2572 861 2675 905 ex-

463 967 468 972 ·
550 956 726 1017 tensa
772 951 962 1035 digito
1010 971 1120 1016 suo
1167 951 1330 1016 latus
1377 950 1503 1017 favi
1538 948 1915 1016 occidentale
1963 950 2187 1034 attigit,
2236 954 2300 1015 et
2346 946 2493 1014 dum
2538 969 2681 1012 eum

547 1057 626 1124 ad
672 1080 738 1124 se
785 1057 1073 1125 admovet
1100 1061 1180 1144 ¹),
1250 1059 1313 1122 in
1359 1058 1459 1124 via
1502 1057 1705 1122 mellis
1750 1059 1996 1141 sanguis
2042 1056 2241 1124 factus
2288 1060 2401 1124 est.
2495 1053 2677 1120 Manu

552 1165 752 1231 denuo
797 1169 1048 1231 extensa
1093 1169 1336 1252 partem
1376 1163 1915 1251 septentrionalem
1962 1165 2088 1231 favi
2134 1163 2321 1249 digito
2366 1165 2571 1247 attigit
2616 1165 2679 1228 et

551 1271 630 1338 ad
678 1294 744 1339 se
791 1274 996 1355 traxit,
1055 1277 1118 1336 et
1185 1273 1244 1337 in
1288 1273 1388 1340 via
1457 1271 1661 1337 mellis
1716 1273 1938 1338 iterum
2006 1273 2253 1356 sanguis
2308 1271 2533 1352 extitit3
2606 1288 2679 1334 ae

551 1401 764 1448 rursus
818 1401 1068 1445 manum
1123 1381 1392 1466 porrexit
1449 1384 1513 1444 et
1567 1383 1809 1466 partem
1857 1379 2255 1446 meridianam
2308 1379 2433 1446 favi
2487 1376 2677 1460 digito

552 1508 663 1553 suo
710 1487 914 1571 tetigit
959 1492 1022 1555 et
1067 1487 1181 1553 sibi
1225 1485 1496 1570 adduxit,
1546 1488 1885 1572 iterumque
1931 1489 1993 1552 in
2038 1488 2139 1556 via
2182 1485 2387 1552 mellis
2432 1485 2683 1568 sanguis

555 1595 756 1661 factus
823 1599 936 1662 est.
1040 1594 1248 1680 Atque
1297 1595 1576 1662 Aseneth
1636 1616 1677 1659 a
1729 1596 1975 1660 sinistra
2042 1595 2173 1660 eius
2219 1598 2392 1660 stans
2461 1593 2688 1673 omnia,

555 1724 710 1788 quae
741 1703 836 1769 vir
865 1703 1030 1784 feeit,
1076 1700 1249 1769 vidit.
1343 1700 1633 1787 Dixitque
1666 1703 1757 1768 vir
1786 1701 1869 1767 ad
1897 1702 2137 1770 favum:
2232 1700 2432 1785 „Age,
2478 1699 2687 1768 videre

559 1813 790 1892 statim,
823 1831 1047 1894 magna
1078 1809 1262 1875 turba
1305 1801 1537 1895 apium,
1572 1831 1643 1874 ex
1692 1809 1863 1874 cellis
1893 1810 2021 1878 favi
2064 1809 2333 1876 melliS.“
2384 1807 2465 1873 Et
2495 1805 2685 1873 cellae

560 1923 734 1986 erant
805 1916 1296 1998 innumerabileS,
1365 1916 1601 1982 multae
1655 1915 1983 2003 myriadeS‚
2054 1922 2119 1983 et
2172 1939 2245 1984 ex
2314 1917 2479 1985 omni
2532 1915 2689 1982 cella

561 2028 982 2111 apparuerunt
1051 2027 1114 2088 et
1160 2023 1528 2118 ‘revixerunt
1608 2024 1837 2109 myrias
1860 2025 1909 2110 ²)
1986 2023 2329 2111 myriadum
2397 2029 2461 2090 et
2524 2023 2693 2090 mille

561 2131 760 2196 millia
804 2132 1033 2218 apium,
1093 2151 1251 2215 quae
1298 2130 1476 2195 albae
1524 2135 1699 2195 erant
1745 2131 1902 2197 siout
1946 2133 2065 2196 nix.
2158 2132 2435 2218 Alaeque
2484 2153 2703 2211 earum-

559 2245 628 2304 ut
674 2239 840 2304 oolor
885 2259 1191 2326 purpurae
1239 2242 1302 2302 et
1332 2238 1579 2303 iacinthi
1649 2241 1713 2302 et
1758 2239 1919 2303 coeci
1968 2244 2032 2305 et
2078 2239 2246 2326 byssi
2315 2261 2465 2306 auro
2510 2240 2687 2322 texti3

568 2351 632 2412 et
699 2365 924 2412 corona
979 2346 1070 2432 [p.
1121 2345 1234 2430 33]
1315 2365 1501 2410 aurea
1568 2345 1629 2409 in
1699 2345 1899 2432 capite
1954 2347 2419 2434 uniuscuiusque
2489 2368 2699 2413 earum

570 2458 726 2536 erat,
774 2458 837 2518 et
861 2453 948 2520 eis
994 2451 1190 2518 aculei
1235 2452 1398 2516 acuti
1429 2456 1623 2537 erant,
1670 2452 1781 2518 sed
1827 2473 1948 2518 non
1994 2453 2344 2538 laedebant3
2396 2459 2461 2522 et
2504 2455 2695 2521 eircu-⁴

565 2562 830 2626 mierunt
853 2562 904 2646 ³)
950 2564 1015 2624 et
1059 2557 1593 2646 apprehenderunt
1624 2562 2005 2627 Asenetham
2052 2567 2115 2628 et
2145 2584 2219 2629 ex
2265 2584 2340 2629 ea
2368 2584 2407 2627 a
2437 2563 2695 2646 vestigio

573 2689 768 2754 usque
795 2665 877 2732 ad
899 2667 1192 2735 verticem
1217 2687 1284 2732 se
1316 2667 1784 2753 suspenderunt.
1862 2669 2070 2755 Atque
2095 2669 2327 2736 electae
2352 2674 2415 2736 et
2436 2689 2696 2754 magnae

575 2779 644 2840 ut
689 2776 934 2859 reginae
967 2778 1141 2841 erant
1187 2795 1358 2860 apeS,
1407 2794 1564 2859 quae
1612 2780 1787 2841 erant
1832 2798 1905 2841 ex
1950 2777 2331 2862 fragmentiS‚
2378 2798 2537 2862 quae
2584 2797 2698 2862 per

567 2883 768 2950 virum
799 2903 840 2948 a
862 2881 1004 2949 favo
1025 2881 1258 2946 fractae
1283 2886 1474 2946 erant.
1570 2880 1933 2969 Faciemque
1956 2883 2308 2951 Asenethae
2332 2888 2611 2950 tenentes
2633 2883 2698 2947 in

571 2991 702 3055 eius
747 2987 936 3054 labris
960 2988 1170 3056 favum
1214 2989 1407 3053 instar
1453 2988 1603 3072 eius,
1644 2991 1747 3075 qui
1794 2995 1937 3056 ante
1982 2992 2183 3059 virum
2228 2992 2487 3074 iacebat,
2533 2992 2697 3058 fece-

576 3099 740 3178 runt,
788 3099 852 3160 et
895 3094 1143 3182 plurimi
1164 3095 1367 3160 mellis
1413 3096 1631 3182 plenus
1678 3103 1835 3179 erat3
1888 3103 1950 3164 et
1996 3119 2209 3164 omnes
2252 3099 2391 3166 illas
2436 3097 2703 3181 collegit,

573 3207 636 3270 et
703 3225 742 3268 a
810 3203 992 3270 melle
1045 3202 1192 3284 favi,
1261 3204 1365 3288 qui
1416 3203 1475 3267 in
1548 3224 1651 3269 ore
1706 3203 2059 3270 Asenethae
2127 3211 2281 3290 erat,
2350 3205 2607 3272 ederunt
2625 3207 2701 3291 ⁴).

573 3308 738 3386 Quas
784 3309 865 3376 ad
918 3331 1068 3398 apes
1125 3311 1244 3378 vir:
1348 3310 1508 3393 „Ite,
1564 3313 1779 3397 inquit,
1838 3311 1917 3378 ad
1973 3312 2109 3378 loca
2164 3318 2434 3383 vestra“.
2496 3313 2697 3380 Pluri-

573 3439 832 3504 maeque
864 3439 1074 3484 earum
1107 3423 1498 3484 surrexerunt
1529 3423 1593 3484 et
1624 3419 1985 3486 volaverunt
2030 3426 2091 3487 et
2124 3423 2187 3487 in
2217 3422 2455 3488 eaelum
2484 3441 2701 3490 versus

577 3525 890 3613 profectae
935 3529 1097 3592 sunt.
1192 3524 1343 3590 Illae
1389 3531 1620 3609 autem,
1678 3547 1834 3612 quae
1880 3526 2263 3596 Asenetham
2308 3529 2538 3598 violare
2592 3549 2705 3598 vo-

738 3705 782 3770 ¹)
829 3702 1026 3786 Ver-sio·
1056 3702 1252 3758 Latina
1287 3703 1492 3758 reddit:
1572 3707 1659 3759 »et
1707 3705 1795 3760 via
1832 3703 1993 3776 digiti
2042 3708 2155 3762 eius
2192 3708 2337 3764 faeta.
2373 3710 2457 3764 est
2490 3707 2548 3762 in
2584 3723 2707 3762 tan-

575 3810 849 3864 guinem«

730 3883 774 3950 ²)
812 3882 948 3937 Dan.
987 3880 1036 3945 7,
1066 3880 1149 3936 10.
1187 3933 1200 3943 ,

729 3990 773 4062 ³)
809 3991 930 4062 lege
1004 3977 1282 4069 ...opt-lo

725 4137 770 4204 4)
806 4137 929 4208 1030
1001 4121 1178 4206 ῥέα
1221 4136 1306 4190 voi
1356 4123 1539 4238 ἵζει
