3067 4984
1429 434 1868 499 -30-

585 609 824 694 porrige
893 611 957 674 et
1023 629 1122 675 me
1169 631 1208 674 a
1251 611 1417 675 terra
1461 609 1636 691 tolle3
1697 631 1841 676 nam
1889 629 2026 677 ecce
2072 611 2265 676 feram
2314 613 2533 698 campi,
2580 611 2705 677 leo-

585 737 726 780 nem
781 713 1094 798 grandem,
1151 716 1250 801 qui
1299 737 1398 782 me
1443 717 1808 803 perseqitur,
1865 716 2029 802 quod
2072 716 2175 782 ille
2231 721 2410 803 pater
2457 715 2707 784 deorum

584 820 1028 908 Aegyptiorum
1085 826 1202 904 est,
1280 843 1391 906 ego
1448 827 1655 889 autem
1702 844 1860 891 nunc
1914 823 2080 889 idola
2126 824 2247 905 odi,
2318 817 2489 910 quod
2535 824 2707 890 liberi

583 930 712 994 eius
758 931 921 1012 sunt,
967 950 1120 1015 quos
1167 950 1378 996 omnes
1423 930 1614 996 abieci
1666 933 1728 996 et
1759 930 1959 998 delevi
2004 936 2065 996 et
2114 953 2153 994 a
2182 953 2281 996 me
2327 931 2700 1019 propulsavi.

581 1035 788 1121 Atque
833 1037 1118 1102 nimirum
1163 1037 1312 1102 mihi
1357 1037 1549 1103 iratus
1609 1043 1705 1104 est
1750 1043 1813 1104 et
1858 1059 1957 1104 me
2013 1038 2422 1124 persequitur.
2514 1038 2705 1106 Serva

581 1164 680 1208 me
727 1143 804 1208 ab
852 1142 1094 1228 ungulis
1142 1144 1294 1226 eius,
1317 1141 1599 1226 Domine,
1660 1149 1722 1210 et
1768 1166 1807 1209 a
1852 1143 2136 1218 dentibus
2194 1145 2323 1209 eius
2369 1166 2467 1210 me
2513 1149 2705 1226 tuere,

581 1272 656 1317 ne
687 1272 896 1316 rursus
943 1273 1042 1317 me
1073 1251 1274 1338 rapiat
1321 1254 1384 1316 et
1413 1251 1620 1317 deleat
1666 1257 1728 1318 et
1766 1253 1832 1328 in,
1874 1250 2156 1318 ardorem
2186 1251 2469 1318 flammae
2502 1253 2701 1335 iaciat,

580 1379 734 1425 neve
792 1357 1007 1424 deinde
1055 1381 1127 1424 ex
1183 1359 1299 1425 hoc
1354 1360 1414 1424 in
1470 1360 1675 1444 ignem
1721 1357 1989 1426 demissa
2044 1381 2116 1426 ac
2170 1359 2439 1425 tenebris
2493 1359 2705 1424 induta
2791 1361 2796 1366 ’

579 1465 656 1530 ab
703 1465 936 1530 inferno
991 1465 1274 1532 horream
1321 1470 1386 1532 et
1438 1467 1502 1530 in
1546 1467 1735 1532 imam
1793 1467 2033 1533 foveam
2095 1463 2480 1549 descendam,
2552 1488 2701 1533 neve

580 1573 759 1638 belua
802 1595 901 1639 me
948 1596 986 1637 a
1029 1573 1258 1640 mundo
1290 1573 1545 1640 devoret
1592 1577 1655 1640 et
1697 1576 1761 1639 in
1806 1574 2053 1640 saecula
2095 1575 2411 1640 inteream.
2504 1575 2701 1640 Immo

571 1701 749 1746 serva
793 1702 912 1761 me,
975 1678 1254 1763 Domine,
1333 1683 1689 1768 priusquam
1724 1681 1875 1747 haec
1938 1683 2139 1747 omnia
2199 1703 2299 1746 me
2376 1685 2691 1768 appetant.

583 1788 673 1873 [p.
711 1788 823 1873 30]
873 1787 1084 1870 Serva,
1131 1787 1416 1871 Domine,
1487 1787 1815 1870 desertam,
1864 1787 2028 1874 quod
2084 1793 2373 1875 parentes
2428 1791 2548 1854 mei
2604 1811 2702 1854 me

579 1893 937 1980 delinquunt
991 1899 1053 1961 et
1098 1894 1406 1977 abdicant,
1477 1896 1620 1980 quia
1674 1893 1821 1961 deos
1879 1916 2127 1981 spern03
2205 1900 2267 1961 et
2320 1895 2500 1961 hodie
2559 1896 2707 1962 orba

579 2004 641 2066 et
696 2001 920 2066 misera
965 2022 1123 2084 sum,
1193 2007 1256 2068 et
1301 2008 1369 2069 tu
1431 2002 1599 2068 solus
1646 2022 1710 2066 es
1767 2022 1911 2088 spes
1964 2023 2124 2083 mea,
2178 2000 2458 2084 Domine,
2529 1992 2707 2088 pater

583 2109 1019 2195 orphanorum,
1076 2109 1394 2176 roborator
1449 2109 1825 2174 infirmorum
1852 2111 1919 2194 ¹),
1998 2113 2276 2174 servator
2328 2112 2705 2175 vexatorum.

575 2215 858 2298 Domine,
906 2217 1196 2282 miserere
1245 2217 1516 2298 orbatae,
1564 2218 1843 2298 miserae,
1904 2215 2257 2297 destitutae,
2304 2217 2591 2301 quoniam
2636 2223 2705 2282 tu

577 2345 644 2389 es
698 2327 879 2410 pater
948 2323 1138 2390 bonus
1195 2330 1380 2410 atque
1451 2324 1765 2408 benignus.
1860 2321 2007 2401 Quis
2062 2327 2383 2410 praeterea
2429 2328 2544 2406 est,
2601 2325 2705 2410 qui

573 2431 686 2496 tibi
731 2430 1003 2516 aequalis
1034 2433 1115 2496 sit
1161 2435 1224 2497 et
1253 2432 1629 2518 propinquus
1675 2431 1737 2495 in
1767 2428 2185 2496 misericordia
2230 2452 2342 2495 sua
2372 2432 2546 2496 sicuti
2592 2429 2703 2497 tu?

575 2538 667 2603 Ac
725 2539 860 2624 quis
917 2542 1031 2620 est,
1089 2540 1192 2624 qui
1244 2538 1631 2621 longanimus
1688 2541 1754 2608 et,
1803 2538 2147 2603 misericors
2204 2538 2283 2604 sit
2326 2537 2523 2602 instar
2574 2536 2702 2602 tui?

572 2645 665 2710 En
711 2647 871 2712 enim
919 2646 1120 2712 omnia
1165 2643 1323 2710 dona
1367 2643 1739 2731 Putipharis,
1786 2645 1981 2731 patris
2026 2645 2169 2726 mei,
2226 2666 2383 2730 quae
2428 2645 2576 2710 mihi
2620 2641 2701 2736 ad

572 2751 977 2818 hereditatem
1023 2751 1210 2834 dedit,
1267 2753 1593 2818 inanitates
1648 2752 1951 2818 humanae
1998 2756 2159 2833 sunt,
2214 2773 2435 2818 munus
2490 2757 2701 2818 autem

571 2865 714 2926 tuae
759 2858 1136 2941 hereditatis,
1181 2858 1460 2941 Domine,
1507 2861 1571 2924 in
1615 2863 1934 2925 aeternum
1981 2859 2187 2924 existit
2231 2880 2427 2945 neque
2472 2860 2698 2925 interit.

573 2969 756 3035 Refer
800 2969 1068 3054 inopiam
1113 2989 1317 3033 meam
1362 2966 1442 3031 ad
1486 2973 1572 3050 te,
1606 2966 1889 3050 Domine,
1938 2971 1999 3033 et
2044 2969 2167 3034 mei
2212 2969 2523 3034 miserere.
2596 2969 2698 3032 In-

580 3080 753 3141 tuere
785 3075 847 3140 in
891 3076 1201 3140 miseriam
1250 3079 1312 3139 et
1367 3074 1826 3162 simplicitatem
1856 3095 2061 3139 meam
2076 3074 2150 3160 ²).
2242 3073 2525 3156 Domine,
2556 3075 2705 3140 mihi

577 3181 872 3265 condona,
920 3182 1063 3267 quia
1107 3181 1184 3246 ab
1234 3181 1512 3246 omnibus
1561 3180 1813 3247 discessi
1870 3183 1933 3247 et
1978 3179 2057 3245 ad
2102 3185 2165 3246 te
2222 3181 2462 3264 confugi
2508 3182 2699 3246 omni-

578 3311 734 3377 aque
761 3290 1030 3354 humana
1059 3286 1299 3354 deserui
1322 3293 1385 3354 et
1417 3286 1496 3353 ad
1525 3294 1590 3354 te
1622 3289 1867 3354 recessi.
1913 3286 1996 3352 Et
2038 3288 2101 3352 in
2133 3307 2309 3354 sacco
2357 3289 2695 3374 cinereque,

581 3397 845 3484 spoliata
873 3415 946 3461 ac
991 3397 1235 3482 privata
1277 3416 1464 3479 regno
1497 3400 1560 3461 et
1592 3396 1807 3462 decore
1833 3399 2329 3461 ornamentorum
2358 3416 2635 3461 meorum
2647 3397 2703 3482 3)

585 3503 892 3570 variorum
914 3504 966 3588 ⁴)
1013 3521 1085 3567 ac
1129 3499 1528 3583 diversorum,
1575 3503 1749 3586 nigra
1792 3504 1965 3569 veste
2022 3501 2264 3586 lugubri
2307 3500 2522 3568 induta
2566 3523 2707 3584 sum

578 3618 640 3680 et
687 3612 818 3678 sine
862 3607 1307 3698 pulchritudine
1355 3608 1677 3697 splendida
1732 3608 1944 3676 mundi
1990 3610 2128 3676 mei.
2221 3595 2705 3696 Apparatusque

721 3809 765 3880 ι)
803 3810 924 3880 lege
996 3794 1339 3906 <ku-502

719 3953 762 4023 ²)
798 3953 926 4023 lego
999 3951 1507 4018 υΔοὲαιδαΔ-Οο

718 4097 761 4170 ³)
797 4098 918 4167 lege
991 4077 1329 4200 ali-223&

697 4241 764 4324 .⁴)
798 4241 920 4314 1030
993 4231 1256 4320 aaa»
