3067 4984
1394 429 1842 506 ...46-.

729 616 920 683 Filius
966 599 1302 683 Pharaonis
1357 619 1539 684 nocte
1582 621 1843 685 surrexit
1897 621 1962 686 et
2005 619 2085 685 ad
2131 607 2373 708 patiem
2428 621 2561 704 ivit,
2606 624 2684 688 ut

555 723 700 815 ’eum
745 723 948 807 gladio
991 725 1388 806 interficeret3
1453 725 1563 792 sed
1618 725 1901 793 custodes
1957 728 2151 814 patris
2206 729 2335 796 eius
2380 749 2519 794 eum
2564 730 2684 800 im-

568 831 952 919 pediverunt,
1024 833 1112 919 [p.
1186 834 1300 919 43]
1369 854 1446 899 ne
1489 833 1769 915 intraret,
1840 839 1901 900 et
1947 856 2086 901 eum
2131 836 2691 920 interrogaverunt:

562 938 761 1023 „Quid
813 939 1006 1022 iubes,
1073 939 1398 1007 domine?“
1451 975 1542 990 --
1598 939 1909 1024 „Patrem‚
1964 942 2181 1026 inquit,
2251 943 2459 1012 videre
2514 943 2683 1026 vole,

562 1046 726 1130 qnod
779 1045 860 1112 ad
905 1044 1275 1114 vindemiam
1328 1047 1657 1116 vinitorum
1700 1069 1977 1114 meorum
2031 1050 2229 1115 iturus
2283 1056 2485 1116 sum.“
2564 1049 2691 1116 Oui-

563 1153 847 1221 custodes
900 1152 1374 1241 responderunt:
1470 1153 1740 1237 „Dolore
1804 1157 1968 1222 enim
2022 1159 2243 1245 capitis
2296 1162 2477 1244 pater
2532 1161 2681 1223 tuus

565 1266 856 1346 gravatur
909 1262 1024 1328 hac
1077 1266 1254 1328 nocte
1304 1265 1367 1328 et
1413 1263 1685 1346 quietem
1730 1260 2060 1345 desiderat3
2134 1267 2321 1350 atque
2365 1265 2677 1334 neminem

557 1370 638 1438 ad
685 1393 824 1436 eum
867 1367 1120 1454 ingredi,
1167 1391 1242 1435 ne
1288 1376 1352 1436 te
1399 1369 1647 1453 quidem
1687 1371 2156 1457 primogenitum
2203 1393 2383 1438 suum
2429 1373 2676 1438 iussit.“

560 1477 702 1544 cito
744 1477 904 1544 filius
949 1476 1288 1543 Pharaonis
1343 1497 1631 1544 reversus
1687 1497 1893 1544 secum
1952 1480 2313 1563 quingentos
2373 1480 2537 1546 viros
2582 1501 2689 1546 sa—

559 1586 838 1670 gittarios
895 1586 1060 1672 cepit
1115 1583 1445 1650 secundum
1501 1585 1823 1651 consilium
1874 1584 2013 1651 Dan
2070 1592 2133 1653 et
2186 1586 2325 1653 Gad
2382 1591 2447 1653 et
2498 1609 2689 1673 prae-

561 1713 810 1778 gressus
861 1694 923 1758 in
978 1693 1114 1759 loco
1169 1714 1235 1759 se
1291 1690 1631 1758 abscondit.
1723 1691 2141 1778 Dixeruntque
2196 1693 2492 1781 Nephtali
2510 1696 2563 1780 ¹)
2616 1699 2687 1760 et

559 1801 740 1884 Aser,
785 1802 1011 1866 fratres
1055 1801 1341 1882 minoreS,
1388 1798 1466 1865 ad
1513 1798 1653 1865 Dan
1700 1804 1763 1867 et
1822 1799 1993 1867 Gad:
2052 1800 2218 1884 „Cur
2272 1801 2471 1867 denuo
2514 1801 2685 1867 mala

565 1913 778 1975 contra
831 1907 1126 1974 Israelem
1177 1911 1419 1994 patrem
1473 1911 1753 1974 nostrum
1808 1911 1873 1974 et
1919 1912 2132 1974 contra
2174 1908 2213 1974 J
2216 1909 2513 1996 osephum
2558 1909 2683 1974 fra-

561 2020 720 2082 trem
790 2016 1101 2100 cogitatis,
1171 2015 1460 2098 quoniam
1515 2013 1814 2082 Dominus
1880 2038 2019 2082 eum
2083 2017 2259 2103 quasi
2313 2016 2613 2102 pupillam
2634 2018 2689 2099 ²)

567 2123 724 2189 oculi
769 2121 1078 2190 custodit?
1165 2121 1382 2189 Nonne
1428 2124 1597 2210 prius
1652 2143 1791 2190 eum
1848 2121 2243 2190 vendidistis?
2295 2122 2503 2210 Atque
2548 2143 2695 2190 ecce

567 2236 664 2297 est
707 2241 813 2296 re'x
861 2234 925 2296 et
967 2231 1316 2317 praefectus
1361 2233 1565 2295 terrae
1620 2234 1683 2296 et
1728 2231 1929 2296 tritica
1984 2231 2103 2296 cibi
2160 2229 2271 2297 dat
2318 2233 2382 2296 et
2426 2228 2691 2296 redemit

567 2344 631 2406 et
677 2341 1001 2406 conservat
1044 2337 1292 2404 multos
1390 2336 1481 2403 Ac
1525 2359 1685 2404 nunc
1741 2338 1794 2402 si
1848 2339 1904 2404 ei
1948 2338 2293 2404 maleficere
2339 2337 2683 2419 tentabitiS‚

569 2468 780 2514 rursus
824 2445 885 2511 in
931 2445 1172 2512 caelum
1203 2443 1496 2512 ascendet
1542 2450 1605 2512 et
1650 2446 1712 2510 in
1759 2466 1869 2512 vos
1914 2445 2121 2530 ignem
2164 2446 2391 2527 mittet,
2440 2445 2543 2530 qui
2572 2465 2685 2510 vos

571 2553 967 2641 devorabit⁸)‚
1013 2552 1383 2641 quiaangeli
1405 2551 1534 2620 Dei·
1553 2574 1667 2640 pro
1712 2573 1785 2619 eo
1812 2551 2104 2620 dimicant
2128 2557 2190 2620 et
2222 2575 2363 2619 eum
2409 2554 2687 2620 iuvant.“

569 2663 652 2728 Et
693 2660 830 2728 Dan
877 2660 951 2728 ed
997 2659 1136 2727 Gad
1181 2661 1254 2726 iis
1300 2660 1442 2726 irati
1484 2659 1675 2726 locuti
1722 2665 1891 2727 sunt:
1942 2660 2051 2744 „Si
2094 2662 2316 2743 minuS‚
2361 2667 2683 2747 tamquam

567 2769 854 2838 mulieres
900 2769 1294 2836 moriemur.“

747 2873 926 2942 Mane
971 2874 1248 2941 Aseneth
1280 2875 1542 2941 surrexit
1589 2880 1649 2941 et
1695 2874 1966 2962 Josepho
2012 2874 2128 2941 ait:
2178 2873 2306 2958 „Ut
2350 2873 2575 2956 dixisti,
2622 2875 2689 2938 in

566 3005 784 3068 agrum
829 2981 1189 3049 hereditatis
1221 2987 1470 3048 nostrae
1515 2982 1577 3047 in
1606 2983 1851 3049 vineam
1895 2983 2017 3065 ibo,
2075 2981 2185 3048 sed
2229 2983 2469 3047 animus
2508 3003 2690 3047 meus

565 3093 795 3159 veritus
841 3095 958 3172 est,
1011 3111 1090 3155 ne
1133 3093 1220 3155 te·
1244 3090 1512 3176 priver.“
1605 3089 1719 3156 Cui
1763 3088 2023 3177 Jeseph:
2085 3089 2297 3172 „Bono
2343 3091 2546 3156 animo
2592 3110 2683 3170 eS,

565 3200 782 3283 inquit,
828 3219 984 3265 neve
1047 3197 1344 3279 timueriS‚
1383 3196 1513 3263 sed
1570 3197 1781 3263 statim
1827 3197 2231 3284 proficiscere,
2286 3201 2351 3262 et
2396 3195 2693 3262 Dominus

573 3312 778 3374 tecum
827 3306 909 3372 sit
954 3307 1145 3390 atque
1194 3312 1264 3370 te
1305 3309 1376 3371 ut
1419 3303 1723 3392 pupillam
1769 3304 1927 3372 oculi
1982 3307 2226 3372 tueatur
2270 3325 2311 3369 a
2328 3307 2382 3392 ⁴)
2428 3303 2695 3370 facinore

568 3415 758 3495 malm
833 3413 1020 3479 etiam
1097 3432 1212 3496 ego
1283 3412 1482 3478 iturus
1556 3434 1693 3480 sum
1747 3412 1825 3479 ad
1882 3411 2308 3500 praeparanda
2350 3415 2538 3498 atque
2584 3410 2697 3476 do—

569 3523 772 3590 nanda
815 3521 1111 3586 alimenta
1182 3519 1394 3586 vitalia
1449 3519 1773 3607 cibumque
1828 3520 2161 3586 multorum
2184 3570 2201 3601 ,
2269 3541 2344 3585 ne
2399 3519 2459 3583 in
2530 3522 2700 3583 terra

572 3632 892 3719 pereant.“
969 3627 1050 3694 Et
1079 3627 1361 3694 Aseneth
1393 3628 1558 3694 viam
1590 3649 1766 3694 suam
1790 3628 2067 3711 ingressa
2098 3631 2214 3708 est,
2262 3630 2446 3713 atque
2468 3625 2508 3691 J
2510 3626 2705 3712 oseph

573 3749 812 3824 quoque
867 3757 934 3802 se
989 3735 1050 3799 in
1105 3736 1272 3802 viam
1326 3756 1502 3801 suam
1549 3736 1753 3803 vertit.
1846 3734 2002 3801 Cum
2048 3733 2324 3801 Aseneth
2378 3735 2441 3799 in
2491 3733 2697 3800 locum

721 3933 764 4004 1)
799 3933 922 4004 lege
1001 3919 1268 3993 ,ὸΔ-εὰ

722 4041 766 4109 ²)
803 4040 964 4098 Dent.
999 4041 1088 4107 32,
1115 4043 1199 4100 10.
1237 4040 1324 4096 Pa.
1363 4037 1450 4111 1'2,
1476 4039 1528 4096 8.

723 4131 770 4202 ⁸)
801 4128 926 4186 nov.
963 4130 1123 4201 9,24.
1162 4131 1245 4198 10,
1265 4129 1321 4188 2.

736 4257 784 4329 ⁴)
816 4257 928 4315 Aut
961 4255 1251 4330 legendum
1287 4257 1373 4314 ent
1424 4255 1571 4356 τ’»,
1611 4255 1709 4311 aut
1726 4254 1957 4312 aiterum
1980 4253 2205 4312 rubum
2224 4251 2394 4310 doe-t.
2454 4247 2461 4254 ’
