3067 4984
1255 443 1695 506 ...31-

421 617 708 684 cubilium
763 639 1036 684 meorum
1095 622 1157 683 et
1203 637 1424 684 corona
1479 618 1697 704 capitis
1743 618 1863 682 mei
1920 620 1984 682 et
2026 614 2332 682 vinculum
2388 613 2544 678 lum-

428 725 638 791 borum
659 727 712 811 1)
782 745 1032 790 aureum
1089 727 1152 789 in
1207 729 1372 790 terra
1440 725 1664 806 iacent3
1729 729 1791 789 et
1846 725 1907 788 in
1962 724 2159 789 cinere
2180 725 2231 809 ²)
2284 722 2553 786 animum

423 853 628 898 meum
674 831 1011 913 humiliavi,
1061 837 1123 898 et
1168 833 1228 896 in
1252 851 1427 897 sacco
1473 834 1686 914 guttur
1716 853 1922 896 meum
1968 829 2366 914 ingemiscens
2411 827 2549 914 pul-

419 945 696 1005 mentum
728 939 1013 1025 cibosque
1061 940 1313 1025 expetit,
1359 960 1506 1004 nam
1544 939 1744 1004 ieiuna
1787 943 2026 1026 septem
2058 935 2187 1002 dies
2232 937 2543 1023 permansi

423 1049 486 1112 et
541 1046 768 1112 afflicta
815 1068 954 1112 sum
1005 1047 1211 1132 inopia
1257 1045 1393 1128 cibi,
1464 1047 1649 1111 etiam
1704 1046 1802 1110 hic
1871 1046 2018 1112 cinis
2066 1043 2333 1110 lacrimis
2392 1043 2547 1108 meis

418 1155 617 1220 factus
676 1159 772 1221 est
816 1153 1017 1219 lutum
1073 1159 1135 1219 et
1179 1151 1244 1218 id
1299 1155 1471 1239 quasi
1515 1155 1579 1218 in
1623 1155 1725 1220 via
1778 1153 2089 1218 transitus,
2182 1151 2277 1218 Ac
2330 1171 2546 1217 cenam

420 1283 624 1328 meam
655 1263 921 1327 omnium
957 1261 1231 1328 ciborum
1259 1261 1507 1327 canibus
1540 1261 1753 1328 alienis
1785 1259 1949 1343 dedi3
1988 1280 2127 1326 ecce
2162 1279 2273 1342 ego
2306 1262 2546 1346 septem

424 1366 554 1434 dies
601 1370 962 1455 septemque
1007 1373 1218 1436 noctes
1263 1388 1460 1454 neque
1491 1389 1715 1455 panem
1763 1367 1861 1433 edi
1905 1387 2100 1452 neque
2134 1387 2359 1452 aquam
2404 1364 2547 1447 bibi,

423 1481 494 1540 ut
562 1475 770 1558 lingua
782 1476 836 1560 ³)
905 1497 1042 1541 mea
1110 1475 1385 1540 faucibus
1453 1477 1607 1541 meis
1676 1473 2006 1541 adhaereat
2070 1479 2133 1540 et
2202 1495 2271 1539 os
2324 1473 2553 1539 foeteat

431 1588 750 1668 tamquam
775 1582 1120 1669 sepulcrum
1143 1581 1436 1669 labraque
1461 1605 1601 1648 mea-
1621 1581 1791 1648 a-rida
1814 1582 1936 1648 sint
1958 1585 2275 1667 tamquam
2297 1584 2460 1646 testa
2481 1583 2552 1666 ⁴).

431 1688 640 1775 Atque
670 1690 838 1756 visus
884 1689 1062 1755 faciei
1108 1711 1282 1755 meae
1305 1694 1578 1756 mutatus
1628 1694 1723 1756 est
1738 1690 1820 1777 ⁵),
1869 1692 1933 1754 et
1978 1687 2134 1754 oculi
2172 1689 2293 1754 mei
2340 1708 2553 1771 aegro-

424 1801 560 1862 tant
606 1796 824 1878 fiendO,
868 1802 930 1863 et
976 1796 1160 1862 robur
1190 1819 1395 1863 meum
1441 1819 1479 1861 a
1523 1817 1623 1863 me
1656 1795 1957 1861 discessit.
2050 1794 2357 1882 Deosque,
2398 1815 2551 1880 quos

431 1907 614 1968 antea
658 1925 770 1989 per
813 1903 1288 1990 imprudentiam
1334 1903 1492 1969 colui
1505 1905 1581 1989 ⁰),
1641 1907 1961 1968 contemno
2024 1907 2087 1968 et
2130 1902 2325 1968 abieci
2368 1907 2552 1988 atque

429 2010 543 2076 sivi
602 2031 707 2076 eos
753 2009 831 2074 ab
887 2011 1230 2076 hominibus
1277 2009 1616 2076 conculcari
1672 2016 1734 2075 et
1778 2010 2021 2076 auferri.
2115 2007 2279 2088 Quos
2334 2029 2551 2074 aureos

428 2121 826 2200 argenteosve
875 2116 1115 2183 deserui
1163 2122 1226 2182 et
1273 2139 1344 2184 ex
1377 2117 1569 2183 oculis
1614 2118 1769 2183 meis
1815 2118 2047 2185 removi
2078 2122 2140 2182 et
2185 2115 2265 2182 ad
2310 2121 2393 2200 te,
2426 2114 2550 2181 Do-

423 2226 582 2289 mine
629 2225 715 2288 mi
759 2223 949 2308 DeuS,
997 2225 1143 2309 fugi.
1236 2225 1324 2290 At
1368 2231 1435 2290 tu
1481 2223 1712 2291 redime
1760 2247 1880 2308 me,
1944 2226 2087 2313 quia
2131 2247 2242 2314 per
2288 2245 2555 2292 errorem

420 2333 482 2396 in
536 2338 598 2399 te
645 2334 895 2418 peccavi
944 2332 1113 2418 virgo
1169 2353 1378 2399 errans
1425 2337 1488 2399 et
1542 2333 1812 2420 puerili8‚
1868 2355 2025 2419 quae
2071 2333 2239 2399 mala
2296 2334 2385 2420 [p.
2436 2333 2548 2420 31]

426 2461 581 2506 vana
625 2441 687 2504 in
729 2437 1087 2526 Josephum,
1159 2437 1473 2506 dominum
1528 2463 1755 2525 meum,
1821 2441 2029 2508 locuta
2084 2463 2221 2508 sum
2276 2441 2552 2506 nesciens

425 2568 565 2612 eum
610 2550 785 2612 tuum
852 2545 1044 2611 filium
1117 2569 1276 2630 esse,
1346 2568 1481 2613 cum
1553 2549 1828 2615 homines
1873 2549 2022 2614 mihi
2081 2547 2373 2614 dixissent
2417 2568 2557 2614 eum

421 2654 614 2720 filium
670 2654 937 2740 pastoris
984 2653 1329 2721 Chananaei
1387 2677 1544 2722 esse.
1631 2655 1862 2736 Quibus
1920 2655 2146 2722 credidi
2220 2661 2281 2721 et
2349 2668 2551 2721 errore

428 2760 612 2827 ducta
656 2760 830 2826 illum
864 2759 1136 2847 despexi.
1229 2761 1375 2840 Quis
1422 2765 1584 2829 enim
1629 2764 1943 2829 hominum
1984 2763 2173 2830 talem
2218 2761 2553 2850 pulchritu-

375 2909 383 2916 κ
431 2866 634 2933 dinem
667 2872 851 2954 atque
883 2868 1268 2956 sapientiam,
1304 2871 1595 2938 virtutem
1626 2875 1809 2956 atque
1841 2871 1967 2938 vim
1996 2869 2241 2954 genuit?
2271 2867 2551 2952 Domine,

434 2973 548 3040 tibi
602 2997 742 3041 eum
810 2975 1188 3059 commendO,
1260 2975 1422 3062 quod
1489 2983 1560 3056 tu
1618 3000 1759 3044 eum
1826 2979 2022 3061 magis
2091 2977 2291 3062 diligis
2367 2999 2552 3066 quam

435 3103 554 3148 me.
650 3081 844 3148 Tuere
891 3104 1029 3148 eum
1084 3084 1145 3147 in
1205 3087 1506 3171 sapientia
1561 3139 1575 3152 .
1637 3138 1651 3151 .
1704 3087 1788 3173 .⁷)

561 3227 605 3298 ¹)
641 3227 762 3296 lege
846 3234 989 3326 u}-

583 3390 624 3460 2)
660 3391 782 3460 lego
853 3377 1187 3464 hamo

575 3516 616 3588 ³)
659 3514 970 3579 P=.22,16.
1055 3513 1098 3582 ⁴>
1136 3511 1267 3570 ibid.

574 3643 615 3708 ⁸)
650 3643 772 3711 lege
844 3627 1200 3710 ..ἢὲμίκιῖ

590 3805 634 3871 ⁸)
671 3805 792 3874 lege
867 3803 1076 3866 Δφοσι
1149 3792 1336 3876 ὶὸθ

577 3910 618 3979 ²)
653 3910 714 3966 In
762 3910 916 3968 codd.
965 3913 1114 3970 deest
1159 3913 1365 3968 folium.
1461 3909 1610 3975 Quae
1656 3909 2031 3966 desiderantur
2076 3927 2106 3965 e
2153 3911 2305 3966 texto
2350 3910 2551 3969 Latino

439 4003 630 4058 affero:
705 4001 778 4057 Et
825 4003 1156 4074 prospiciens
1193 4000 1462 4057 Aeeeneth
1509 4016 1610 4070 per
1644 4002 1953 4064 tenenti-am,
2001 4016 2141 4068 quae
2178 4001 2550 4071 prospiciebat

451 4091 521 4148 ad
559 4093 842 4164 orientem,
889 4093 1028 4148 vidit
1076 4095 1132 4147 et
1167 4109 1290 4148 ecce
1329 4092 1486 4160 stella.
1519 4091 1724 4162 lucifer,
1772 4093 1831 4145 et
1863 4105 2035 4160 prope
2080 4107 2203 4146 eam
2247 4091 2429 4145 fissum
2473 4093 2557 4146 ent

441 4185 664 4251 caelum,
690 4187 749 4240 et
773 4186 1028 4254 apparuit
1050 4185 1145 4239 lux
1167 4202 1385 4254 magna.
1449 4183 1523 4238 Et
1548 4183 1735 4239 videns
1758 4182 2028 4238 Asseneth
2051 4181 2247 4238 cecidit
2274 4183 2332 4236 in
2356 4180 2553 4238 faciem

437 4291 590 4330 suam
633 4290 801 4346 nuper
841 4275 1064 4346 cineres,
1114 4277 1171 4330 et
1205 4291 1330 4331 ecce
1377 4273 1460 4330 vir
1509 4271 1839 4330 descendens
1889 4273 1958 4330 de
2008 4273 2157 4330 caelo
2206 4273 2359 4330 ttetit
2393 4288 2557 4346 supet·
