3067 4984
1433 409 1879 474 -38‚...

583 583 697 650 tibi
742 603 1006 672 sponsus
1059 587 1124 652 in
1165 589 1484 654 aeternum
1542 587 1719 652 erit“.
1812 584 2018 652 Etiam
2062 585 2177 651 ait:
2266 583 2405 668 „Ne
2448 581 2719 670 amplius

585 714 811 760 nomen
839 699 1016 762 tuum
1045 694 1395 782 appelletur
1425 694 1725 776 Aseneth,
1770 692 1881 760 sed
1910 713 2131 760 nomen
2159 697 2334 758 tuum
2366 691 2717 779 appelletur

587 801 736 868 urbs
779 802 1017 887 refugii,
1075 800 1239 886 quod
1282 802 1348 867 in
1399 805 1462 869 te
1509 801 1591 868 ad
1636 799 1837 866 Deum
1892 800 2201 866 excelsum
2246 799 2458 887 populi
2512 803 2575 864 et
2618 798 2713 862 fa-

587 907 813 992 miliae,
840 913 1056 992 gentes
1079 930 1154 976 ac
1175 909 1454 976 nationes
1483 908 1835 993 confugient
1856 929 1928 974 ac
1952 930 2019 974 se
2040 905 2333 974 abdent“.
2422 905 2711 990 Dixitque

584 1015 761 1082 mihi:
853 1015 1008 1104 „Ibo
1055 1017 1238 1083 etiam
1286 1015 1370 1082 ad
1409 1015 1751 1103 Josephum
1797 1021 1861 1084 et
1906 1037 2045 1082 cum
2088 1035 2163 1082 eo
2206 1015 2360 1082 haec
2402 1012 2593 1082 verba
2634 1011 2709 1080 de

587 1129 653 1190 te
709 1124 1231 1192 communicabo“.
1325 1125 1421 1212 [p.
1471 1125 1585 1212 36]
1678 1124 1887 1209 Atque
1942 1143 2101 1189 nunc
2153 1127 2243 1204 tu,
2310 1123 2397 1188 mi
2451 1119 2711 1202 domine,

587 1231 726 1314 sciS,
773 1232 828 1298 si
872 1233 968 1298 vir
1011 1229 1092 1297 ad
1135 1235 1199 1298 te
1247 1233 1414 1299 venit
1460 1234 1527 1298 et
1571 1235 1776 1298 tecum
1824 1229 1900 1298 de
1946 1252 2046 1298 me
2095 1230 2337 1296 locutus
2384 1233 2543 1296 est“.
2633 1227 2715 1294 Et

589 1337 822 1426 Joseph
865 1338 1218 1406 Asenethae
1272 1338 1619 1427 respondit:
1714 1335 2091 1420 „Benedicta
2146 1337 2231 1404 sis
2283 1336 2417 1404 Deo
2472 1336 2713 1403 excelso

593 1450 658 1512 et
699 1467 922 1513 nomen
968 1450 1145 1513 tuum
1192 1447 1253 1514 in
1283 1452 1605 1514 aeternum
1654 1446 2055 1527 benedictum,
2104 1445 2269 1530 quod
2298 1443 2463 1512 Deos
2505 1464 2715 1510 muros

589 1554 730 1618 tuos
774 1553 837 1618 in
881 1552 1204 1620 altitudine
1250 1553 1479 1642 posuit;
1540 1554 1697 1620 muri
1744 1553 1905 1620 enim
1948 1553 2040 1618 tui
2085 1556 2227 1619 sunt
2272 1573 2345 1618 ex
2391 1549 2718 1617 adamante

593 1659 755 1726 vitae
772 1711 789 1742 ,
861 1659 1024 1747 quod
1078 1659 1188 1727 filii
1231 1659 1348 1728 Dei
1403 1660 1597 1728 nostri
1644 1661 1765 1727 vivi
1810 1661 1872 1726 in
1940 1659 2089 1725 urbe
2143 1659 2359 1742 refugii
2412 1657 2713 1739 habitant,

589 1767 808 1852 quibus
855 1765 1153 1834 Dominus
1200 1765 1368 1834 Deus
1423 1772 1635 1834 noster
1676 1769 1739 1834 in
1794 1771 2113 1834 aeternum
2167 1765 2510 1852 imperabit,
2568 1785 2714 1830 nam

585 1873 690 1940 ille
737 1875 850 1956 vir,
898 1876 1003 1960 qui
1047 1873 1128 1940 ad
1174 1878 1237 1940 te
1282 1872 1463 1942 hodie
1496 1876 1687 1958 venit,
1734 1875 1883 1941 mihi
1930 1875 2080 1941 haec
2124 1873 2251 1940 fere
2296 1872 2485 1940 verba
2528 1870 2605 1938 de
2649 1877 2714 1938 te

589 1980 757 2046 dixit.
849 1981 931 2046 Et
976 2003 1136 2048 nunc
1182 1984 1320 2050 veni
1367 1982 1447 2048 ad
1493 2005 1615 2066 me,
1662 1982 1833 2067 virgo
1880 1981 2063 2069 pura!
2154 1980 2279 2046 Cur
2325 1984 2455 2047 stas
2500 1979 2715 2067 procul

589 2109 664 2153 ex
709 2087 1048 2157 adverso?“
1139 2089 1220 2156 Et
1250 2089 1288 2156 J
1291 2092 1484 2177 oseph
1531 2111 1750 2156 manus
1780 2111 1927 2156 suas
1974 2087 2244 2156 extendit
2288 2092 2353 2154 et
2381 2093 2530 2154 nutu
2575 2107 2717 2153 ocu-

590 2195 792 2260 lorum
833 2214 1084 2262 suorum
1118 2198 1499 2264 Asenetham
1532 2197 1794 2264 vocavit.
1885 2197 2089 2264 Etiam
2119 2195 2397 2262 Aseneth
2440 2193 2722 2260 manibus

589 2304 855 2370 extensis
899 2303 981 2370 ad
1023 2302 1062 2368 J
1064 2305 1364 2392 osephum
1411 2305 1677 2372 cucurrit
1722 2307 1785 2370 et
1828 2303 1910 2370 ad
1956 2303 2180 2370 collum
2226 2305 2355 2370 eius
2400 2300 2611 2368 incidit
2654 2304 2719 2367 et

591 2412 648 2477 ei
679 2432 746 2478 se
769 2411 1044 2478 adiunxit
1059 2414 1133 2500 ¹),
1167 2415 1231 2478 et
1255 2412 1473 2499 spiritu
1495 2413 1842 2480 revixerunt
1864 2415 1929 2478 et
1950 2412 2109 2478 inter
2139 2431 2207 2478 se
2230 2409 2717 2496 adhaeserunff).

589 2517 798 2606 Atque
826 2517 865 2584 J
867 2519 1059 2606 oseph
1088 2518 1470 2586 Asenetham
1515 2518 1829 2586 osculatus
1874 2523 1973 2586 est
2020 2522 2087 2586 et
2130 2519 2187 2586 ei
2232 2518 2511 2606 spiritum
2554 2517 2719 2583 vitae

589 2624 759 2692 dedit
805 2630 869 2693 et
912 2627 1134 2692 iterum
1165 2647 1304 2694 eam
1350 2625 1665 2692 osculatus
1696 2629 1792 2692 est
1837 2629 1901 2692 et
1946 2627 2004 2692 ei
2050 2626 2335 2712 spiritum
2382 2625 2717 2712 sapientiae

595 2731 766 2800 dedit
811 2738 874 2800 et
917 2733 1168 2801 tertium
1215 2753 1354 2800 eam
1409 2733 1722 2799 osculatus
1767 2733 2044 2800 veritatis
2101 2734 2381 2820 spiritum
2426 2734 2485 2798 ei
2528 2730 2717 2798 dedit.

599 2838 932 2927 Manusque
981 2843 1476 2928 compresserunt
1505 2843 1569 2906 et
1613 2840 1773 2907 inter
1818 2860 1885 2906 se
1917 2840 2207 2927 amplecti
2254 2844 2417 2921 sunt,
2466 2843 2531 2907 et
2560 2840 2720 2906 Ase-

589 2948 740 3014 neth
767 2946 808 3012 J
809 2947 1068 3034 osepho:
1164 2946 1384 3030 „Veni,
1414 2947 1632 3033 inquit,
1665 2949 1729 3014 et
1758 2947 1921 3027 intra
1951 2946 2201 3015 domum
2231 2952 2529 3029 nostram,
2560 2946 2723 3032 quia,

595 3052 862 3137 domine,
910 3075 1125 3122 cenam
1155 3075 1443 3140 magnam
1487 3054 1553 3119 in
1582 3052 1766 3120 domo
1810 3057 2023 3122 nostra
2052 3057 2341 3143 paravi;“
2388 3075 2461 3122 ac
2506 3075 2724 3120 manus

594 3162 855 3228 invicem
879 3163 1341 3251 prehenserunt,
1389 3165 1452 3228 et
1497 3182 1639 3227 eum
1682 3161 1745 3226 in
1786 3160 2034 3228 domum
2082 3184 2257 3230 suam
2288 3159 2618 3230 introduxit
2662 3166 2728 3228 et

592 3268 814 3336 throno
868 3269 1063 3356 patris
1120 3267 1460 3336 collocavit.
1555 3267 1635 3334 Et
1702 3289 1927 3355 aquam
1982 3270 2150 3352 tulit,
2220 3274 2289 3336 ut
2333 3268 2524 3357 pedes
2592 3271 2722 3337 eius

594 3375 852 3457 lavaret,
899 3379 965 3442 et
1007 3374 1045 3441 J
1049 3375 1242 3462 oseph
1287 3373 1468 3440 dixit:
1565 3373 2085 3463 „Appropinquet
2104 3379 2155 3465 ³)
2202 3397 2323 3444 una
2368 3399 2440 3445 ex
2484 3377 2727 3462 virgini-

579 3481 710 3548 bus
756 3484 821 3548 et
849 3480 1040 3568 pedes
1085 3501 1258 3548 meos
1287 3481 1524 3548 lavet.“
1618 3482 1895 3550 Aseneth
1924 3487 2134 3552 autem
2178 3485 2295 3551 ait:
2390 3484 2572 3567 „Non
2616 3485 2729 3566 ita,

593 3590 679 3655 mi
709 3588 973 3655 domine.
1067 3587 1192 3655 Cur
1223 3609 1345 3653 una
1391 3609 1463 3654 ex
1496 3587 1620 3654 illis
1651 3589 1877 3676 puellis
1917 3590 2110 3680 pedes
2144 3596 2304 3674 tuOS‚
2351 3592 2437 3658 mi
2468 3591 2730 3674 domine,

595 3694 805 3764 lavet?
902 3695 1117 3764 Potius
1171 3715 1309 3780 ege,
1374 3694 1586 3784 puella
1642 3699 1706 3764 et
1758 3699 2001 3783 ancilla,
2070 3697 2261 3787 pedes
2318 3698 2547 3766 domini
2614 3698 2736 3764 mei

748 3949 788 4021 ι)
824 3949 946 4020 lege
1025 3946 1333 4010 mlta-220

751 4111 951 4186 ’mogo
1027 4106 1285 4191 moldo
1582 4169 1587 4174 .

759 4238 802 4314 ⁸)
837 4237 1207 4312 GfifiNoldeke
1245 4239 1286 4298 l.
1327 4254 1376 4297 c.
1414 4240 1446 4311 9
1483 4237 1607 4294 319.
