3067 4984
1264 349 1699 410 ...11-

599 527 638 611 ξ
685 529 740 590 7.
835 523 1006 590 Haec
1073 525 1323 589 historia
1377 521 1414 588 J
1417 523 1627 610 osephi
1697 527 1760 589 et
1811 524 2161 590 Asenethae
2216 547 2254 589 a
2319 527 2537 592 ceteris

415 633 882 714 narrationibus,
916 652 1070 718 quae
1103 631 1178 697 de
1201 630 1239 697 J
1242 631 1470 717 osepho
1503 633 1666 713 sunt,
1695 630 2028 717 plurimum
2062 629 2281 698 differt.
2374 631 2536 698 Nam

417 763 558 808 cum
602 741 716 806 hae
748 740 1126 812 narrationes
1150 738 1499 826 populareS,
1548 757 1703 824 quae
1751 759 1861 824 per
1908 739 2178 803 omnium
2224 760 2332 804 ora
2378 739 2536 806 fere-

415 850 656 929 bantur,
705 852 767 912 et
797 847 860 911 in
889 846 997 912 illo
1027 867 1247 930 genere
1279 845 1797 932 interpretationis
1830 844 2166 911 Bibliorum
2198 847 2341 929 sint,
2374 848 2537 933 quod

407 957 625 1044 primis
672 953 928 1020 saeculis
973 975 1035 1040 p.
1070 951 1212 1019 Chr.
1237 974 1294 1017 n.
1328 951 1491 1018 Juda
1512 973 1727 1018 eorum
1774 957 1835 1018 et
1869 950 2347 1020 Christianorum
2391 975 2535 1041 pro-

415 1063 618 1150 prium
663 1061 799 1141 fuit,
847 1059 980 1126 dico
1015 1058 1321 1125 Midrasch
1367 1057 1705 1142 agadicum,
1750 1063 1963 1124 nostra
1996 1059 2255 1125 historia
2296 1060 2371 1126 ab
2416 1082 2537 1126 uno

419 1171 714 1256 scriptore
784 1168 1059 1233 confecta
1145 1187 1282 1232 esse
1341 1166 1601 1233 videtur.
1693 1165 1933 1231 Auctor
1997 1166 2349 1251 intellegere
2414 1191 2537 1234 non

419 1277 638 1363 potuit,
687 1274 990 1360 quomodo
1035 1273 1072 1340 J
1086 1273 1296 1361 oseph,
1351 1274 1444 1339 vir
1488 1293 1764 1338 summae
1816 1274 2083 1359 pietatiS,
2138 1274 2535 1359 Asenetham,

422 1383 752 1449 sacerdotis
791 1382 1013 1448 ethnici
1036 1381 1222 1446 filiam
1267 1381 1440 1446 falsis
1472 1379 1603 1446 deis
1633 1379 1959 1462 addictam,
1999 1382 2060 1446 in
2088 1384 2537 1449 matrimonium

419 1491 690 1570 duceret,
738 1489 853 1553 nisi
887 1510 961 1554 ea
1006 1493 1188 1554 antea
1232 1487 1311 1552 ad
1355 1488 1711 1571 religionem
1758 1509 1969 1555 veram
2014 1509 2308 1556 conversa
2352 1493 2533 1556 esset.

423 1597 591 1676 Quae
637 1597 940 1662 sententia
985 1595 1447 1660 fundamentum
1492 1595 1737 1659 fabulae
1786 1598 1900 1660 est.
1992 1595 2064 1660 In
2112 1617 2184 1661 ea
2216 1599 2535 1684 perspicue

423 1704 580 1770 duae
606 1708 816 1790 partes
863 1702 1327 1786 distinguuntur.
1400 1702 1470 1766 In
1495 1703 1695 1788 priore
1721 1706 1932 1767 auctor
1953 1703 2140 1768 refert
2160 1701 2536 1770 Asenetham

417 1813 710 1895 virginem
755 1810 1246 1897 pulcherrimam,
1304 1830 1459 1894 quae
1505 1808 1767 1894 undique
1813 1811 2009 1894 petita
2065 1806 2274 1878 omnes
2318 1832 2535 1897 procos
2644 1833 2649 1839 ·

419 1918 679 2005 superbe
735 1916 1084 2003 repudiaret
1139 1937 1211 1982 ac
1279 1917 1478 1982 solum
1522 1917 1683 2000 regis
1751 1915 1943 1982 filium
1998 1918 2258 1984 maxime
2326 1923 2535 1984 natum

414 2029 684 2113 cuperet,
733 2047 771 2089 a
800 2023 1056 2111 Josephi
1101 2024 1545 2112 pulchritudine
1593 2026 1964 2111 superatam,
2013 2024 2141 2107 sed,
2190 2046 2327 2090 curn
2370 2025 2537 2092 idola

419 2138 750 2214 vereretur,
808 2133 885 2197 ab
931 2132 1038 2198 illo
1097 2154 1231 2198 esse
1286 2132 1617 2219 repulsam.
1710 2132 1960 2218 Septem
2020 2132 2149 2198 dies
2204 2138 2535 2220 noctesque

419 2242 794 2327 poenitentia
846 2246 988 2306 acta
1033 2261 1169 2306 eam
1227 2262 1265 2304 a
1308 2238 1440 2305 Deo
1487 2241 1733 2306 veniam
1787 2242 2150 2326 impetrasse
2208 2245 2271 2307 et
2315 2243 2535 2308 mirum

413 2350 476 2413 in
500 2347 750 2413 modum
775 2369 910 2414 cum
938 2347 976 2412 J
979 2349 1206 2434 osepho
1232 2349 1612 2431 coniunctam
1639 2369 1792 2412 esse.
1886 2345 2267 2434 Quamquam
2291 2353 2532 2432 auctor,

403 2454 576 2540 ,quod
623 2455 737 2520 sibi
782 2457 1122 2541 proposuit,
1190 2456 1314 2518 iam
1361 2439 1645 2536 absolvit,
1715 2459 1921 2520 tamen
1978 2455 2235 2520 alteram
2294 2460 2535 2542 partem
2666 2485 2669 2488 ⁴

413 2559 706 2646 adiungit,
754 2582 908 2646 quae
933 2583 1068 2626 cum
1115 2562 1314 2646 priore
1337 2562 1585 2627 minime
1632 2565 1763 2628 arte
1790 2562 2091 2628 cohaeret.
2138 2561 2327 2628 Filius
2376 2566 2533 2630 enim

415 2667 749 2734 Pharaonis
797 2671 981 2734 etiam
1037 2671 1194 2734 inter
1239 2667 1588 2736 Asenethae
1644 2690 1863 2756 procos
1908 2671 2127 2752 fuerat,
2174 2693 2281 2736 rex
2327 2676 2533 2738 autem

413 2796 532 2841 non
562 2776 946 2863 probaverat.
997 2775 1114 2841 Ubi
1144 2797 1287 2842 vero
1320 2779 1479 2860 regis
1525 2777 1687 2842 filius
1731 2777 2047 2860 coniugem
2076 2777 2328 2864 Josephi
2360 2779 2532 2862 vidit,

417 2881 748 2968 cupiditate
791 2883 1205 2948 infiammatus
1251 2888 1493 2969 patrem
1540 2889 1603 2949 et
1646 2881 1685 2949 J
1686 2885 1983 2970 osephum
2027 2883 2247 2950 tollere
2298 2888 2533 2968 statuit,

425 2994 493 3054 ut
521 2988 840 3055 Asenetha
883 2991 1068 3076 potiri
1113 2996 1343 3076 posset.
1437 2989 1609 3068 Quod
1655 2990 1735 3055 ad
1766 2991 2197 3077 perficiendum
2230 3013 2365 3058 cum
2397 2993 2533 3057 filiis

420 3096 608 3162 Balae
657 3100 721 3162 et
767 3096 1053 3183 Zelphae,
1111 3097 1402 3162 fratribus
1445 3096 1717 3184 Josephi,
1774 3118 1839 3162 se
1888 3099 2215 3178 coniunxit3
2278 3097 2386 3190 sed
2434 3119 2531 3164 co-

419 3207 597 3268 natus
643 3224 762 3269 non
809 3205 1123 3285 successit,
1172 3207 1234 3269 et
1265 3204 1423 3269 filius
1468 3206 1630 3288 regis
1682 3226 1819 3270 eum
1850 3208 2046 3270 morte
2076 3205 2209 3270 luit.
2301 3203 2536 3272 Auctor

423 3309 666 3376 fabulae
715 3310 936 3377 Sacrae
984 3309 1328 3399 Scripturae
1374 3311 1704 3378 admodum
1749 3314 1981 3400 peritus
2026 3313 2167 3378 fuit:
2214 3312 2535 3386 nonnullos

422 3417 589 3483 locos
637 3416 714 3486 ad
762 3418 1016 3484 verbum
1063 3440 1095 3483 e
1127 3416 1351 3484 Vetere
1382 3417 1770 3484 Testamento
1814 3418 2145 3501 transtulit,
2176 3420 2373 3485 multa
2416 3421 2537 3486 alia

422 3529 494 3588 ut
537 3524 979 3610 phraseologia,
1049 3546 1360 3592 sermones
1404 3527 1641 3613 tropici,
1713 3531 1881 3593 totus
1936 3525 2195 3612 denique
2240 3528 2418 3592 stilus
2463 3549 2535 3594 ac

425 3630 608 3696 dictio
635 3632 934 3719 'peritiam
957 3632 1134 3697 illam
1166 3633 1579 3698 manifestant.

596 3741 632 3823 ξ
681 3743 740 3805 8.
834 3738 918 3804 Ut
983 3741 1107 3804 iam
1161 3737 1335 3804 Laud
1401 3741 1462 3804 in
1513 3739 1877 3806 Anocdoton
1932 3741 2317 3830 Syriacorum
2383 3745 2532 3809 tomi

414 3846 586 3910 tertii
627 3849 957 3932 conspectu
989 3846 1298 3929 indicavit,
1333 3847 1483 3912 haec
1513 3848 1769 3913 historia
1799 3847 2149 3914 Asenethae
2192 3851 2254 3914 in
2289 3849 2532 3935 „codice

416 3951 946 4039 pseudepigrapho
977 3952 1218 4018 Veteris
1255 3952 1695 4037 Testamenti“,
1742 3975 1925 4039 quem
1972 3953 2277 4021 Fabricius
2324 3955 2531 4039 edidit,

422 4057 634 4123 Latine
683 4057 895 4146 [vol.I
941 4082 1002 4146 p.
1040 4060 1194 4146 774]
1245 4063 1308 4124 et
1351 4057 1583 4130 Graece
1633 4060 1780 4146 [vol.
1829 4061 1890 4125 ΙΙ
1935 4083 1995 4147 p.
2033 4062 2145 4147 85]
2194 4063 2534 4149 conscripta

419 4166 736 4232 invenitur.
831 4165 1005 4244 Quod
1051 4166 1130 4232 ad
1173 4169 1409 4233 textum
1454 4166 1740 4235 Latinum
1786 4171 2023 4252 attinet,
2068 4170 2122 4234 is
2166 4169 2345 4237 valde
2391 4190 2529 4243 con-
