3067 4984
1371 377 1812 443 ...32-

665 603 680 617 .
718 603 732 618 .
769 603 783 617 .
813 603 824 617 .
851 556 914 618 et
937 552 1223 619 invenies„
1250 551 1457 637 Atque
1468 551 1745 618 Aseneth
1768 548 2139 618 in'oonclave
2163 569 2344 615 suum
2366 549 2641 632 ingressa

523 659 734 727 favum
756 659 958 724 mellis
981 680 1270 742 magnum
1295 665 1356 725 et
1379 659 1629 746 plenum
1652 658 1943 745 repperit,
1958 657 2061 743 qui
2084 661 2152 721 ut
2177 657 2279 722 nix
2304 655 2481 721 albus
2508 659 2639 720 era-t

527 770 591 832 et
613 767 673 830 in
696 787 910 832 mensa
933 766 1197 847 iacebat3
1257 770 1321 831 ct
1343 765 1468 832 mel
1489 767 1619 832 eius
1666 767 1823 832 sicut
1846 768 2057 849 guttae
2080 766 2234 829 roris
2292 763 2457 828 tertii
2482 761 2636 828 caeli

528 877 592 938 et
646 875 773 939 cius
845 871 994 937 odor
1046 877 1116 936 ut
1184 871 1333 937 odor
1387 873 1593 938 suavis
1662 871 1912 959 spiritus
1966 871 2149 938 vitae.
2242 869 2323 936 Et
2368 867 2642 935 Aseneth

529 981 753 1046 mirata-
797 980 861 1045 in
893 978 1072 1045 corde
1107 999 1216 1044 suo
1248 976 1427 1044 dixit:
1522 977 1847 1061 „Profecto
1877 978 1975 1043 hic
2021 977 2199 1045 favus
2230 998 2304 1042 ex
2350 997 2453 1042 ore
2482 975 2643 1040 illius

527 1087 642 1154 viri
688 1087 853 1169 exiit,
923 1083 1088 1172 quod
1133 1086 1261 1152 eius
1319 1085 1468 1152 odor
1513 1091 1610 1152 est
1664 1094 1734 1152 ut
1781 1084 1930 1151 odor
1984 1085 2189 1152 suavis
2237 1084 2358 1150 oris
2412 1082 2639 1148 illius“.

529 1250 693 1316 caput
728 1247 1014 1312 Asseneth,
1054 1250 1112 1302 et
1148 1247 1362 1302 vocavit
1397 1264 1517 1302 eam
1556 1263 1624 1301 ex
1658 1247 1893 1312 nomine,
1946 1263 2085 1314 quae
2122 1263 2254 1316 prae
2291 1245 2483 1300 timore
2530 1261 2638 1299 non

525 1336 821 1405 respondit.
896 1338 969 1392 Et
1005 1336 1221 1392 vocavit
1255 1355 1379 1392 eam
1416 1335 1651 1391 secundo
1676 1336 1960 1402 Asseneth,
1986 1335 2265 1390 Asseneth.
2340 1334 2492 1399 Quae
2527 1349 2640 1387 res-

525 1425 741 1494 pondit:
817 1427 962 1483 Ecce
999 1442 1118 1495 egm
1157 1425 1388 1493 domine,
1429 1426 1551 1494 quis
1588 1425 1682 1481 es‘?
1719 1426 1985 1480 annuntia
2020 1425 2171 1481 mihi.
2250 1424 2353 1489 Qui
2394 1424 2497 1481 ait:
2534 1439 2637 1491 ego

524 1531 643 1568 sum
691 1515 939 1586 princeps
976 1514 1164 1570 domus
1211 1515 1315 1570 Dei
1351 1520 1408 1570 et
1454 1515 1709 1585 princeps
1758 1516 2026 1571 exercitus
2062 1515 2297 1572 Domini.
2372 1512 2543 1582 Surge
2583 1513 2640 1565 et

526 1607 612 1658 sta
647 1620 811 1675 super
844 1603 1014 1674 pedes
1049 1607 1171 1660 tuos
1211 1609 1269 1660 et
1316 1606 1507 1674 loquar
1547 1605 1617 1660 ad
1655 1608 1730 1661 te.
1805 1605 1877 1658 Et
1911 1606 2116 1660 levavit
2153 1603 2419 1658 Asseneth
2454 1604 2639 1670 caput.

520 1693 593 1748 Et
631 1711 757 1749 ecce
781 1695 862 1749 vir
896 1711 996 1764 per
1031 1695 1214 1750 omnia
1235 1694 1424 1749 similis
1451 1695 1486 1748 J
1488 1694 1677 1765 oseph,
1713 1695 1853 1750 stola
1884 1696 1940 1749 et
1974 1711 2173 1751 corona
2195 1697 2253 1749 et
2286 1691 2441 1762 virga
2464 1692 2634 1759 regia,

489 1783 492 1786 ’
522 1784 672 1838 cuius
709 1784 886 1838 vultus
924 1786 1065 1840 sicut
1099 1784 1297 1853 fulgor,
1346 1786 1402 1839 et
1439 1784 1581 1840 oculi
1618 1785 1733 1839 eius
1782 1785 1923 1839 sicut
1959 1783 2099 1838 radii
2137 1783 2279 1848 solis,
2328 1782 2511 1851 capilli
2548 1798 2639 1836 ca-

518 1872 651 1943 pitis
685 1877 745 1928 ut
783 1873 1004 1928 flamma
1037 1875 1196 1943 ignis.
1275 1873 1348 1930 Et
1382 1874 1573 1930 videns
1600 1875 1876 1932 Asseneth
1913 1875 2108 1930 timore
2146 1890 2402 1942 percussa
2440 1870 2635 1925 cecidit

518 1964 578 2019 in
613 1963 807 2018 faciem
842 1981 1011 2032 suam,
1069 1981 1237 2032 quam
1275 1965 1583 2020 confortans
1621 1966 1861 2036 Angelus
1900 1969 1959 2020 et
1999 1965 2226 2019 illevans
2262 1963 2364 2018 ait:
2424 1961 2635 2030 depone

521 2053 760 2108 cilicium
803 2053 947 2108 istud
986 2055 1218 2124 nigrum,
1259 2071 1366 2122 quo
1406 2053 1601 2109 induta
1637 2071 1711 2122 es,
1764 2059 1822 2108 et
1856 2054 2175 2111 cinctorium
2212 2053 2471 2107 tristitiae
2507 2055 2635 2106 tuae

519 2145 577 2197 et
614 2159 828 2198 saccum
865 2143 932 2198 de
967 2144 1166 2198 lumbis
1215 2143 1322 2197 tuis
1361 2146 1418 2198 et
1455 2147 1645 2199 excute
1682 2143 1924 2198 cinerem
1964 2145 2032 2198 de
2070 2143 2249 2212 capite
2284 2146 2382 2197 tuo
2419 2143 2476 2196 et
2511 2141 2635 2195 lava

515 2233 714 2288 faciem
762 2237 914 2288 tuam
953 2236 1010 2288 et
1062 2251 1254 2288 manus
1300 2236 1423 2288 tuas
1475 2250 1621 2302 aqua
1658 2235 1871 2289 vivente
1925 2239 1983 2288 et
2021 2252 2154 2288 orna
2199 2236 2254 2286 te
2305 2230 2634 2287 ornamentis

458 2341 462 2344 ·
516 2322 626 2377 tuis
663 2326 720 2377 et
755 2323 944 2390 loquar
980 2323 1050 2378 ad
1088 2328 1162 2378 te.
1240 2323 1388 2388 Quae
1426 2341 1547 2378 cum
1586 2326 1833 2380 ornasset
1878 2341 1935 2378 se
1972 2324 2304 2388 festinanter,
2357 2321 2519 2376 rediit
2556 2320 2625 2376 ad

511 2412 794 2482 Angelum.
867 2411 966 2468 Oui
991 2414 1253 2482 Angelus:
1297 2413 1510 2469 denuda
1539 2417 1704 2483 caput
1739 2421 1895 2469 tuum
1932 2432 1966 2468 a
2002 2413 2278 2479 theristro,
2318 2414 2447 2482 quia
2476 2415 2623 2480 virgo

509 2517 585 2557 es.
658 2499 974 2557 Consortare
1027 2505 1085 2556 et
1139 2501 1320 2573 gaude
1367 2505 1639 2558 Asseneth
1686 2505 1854 2574 virgo,
1912 2505 2168 2574 quoniam
2217 2519 2415 2559 nomen
2469 2506 2623 2556 tuum

509 2591 770 2660 scriptum
826 2593 909 2646 est
953 2592 1012 2646 in
1067 2593 1204 2648 libro
1257 2593 1553 2648 viventium
1609 2597 1665 2650 et
1722 2613 1833 2650 non
1890 2595 2161 2650 delebitur
2208 2594 2267 2648 in
2324 2595 2622 2648 aeternum.

509 2679 620 2760 [Pa.
645 2680 732 2747 69,
759 2681 847 2736 29.
875 2682 1041 2750 Apoc.
1070 2682 1119 2747 3,
1147 2683 1218 2754 5.]
1293 2667 1430 2738 Ecce
1468 2684 1537 2738 ab
1578 2683 1838 2740 hodierno
1876 2684 1966 2739 die
2004 2687 2266 2741 renovata
2304 2699 2361 2737 es
2401 2685 2457 2736 et
2493 2681 2627 2736 vivi-

512 2771 674 2826 ficata
711 2773 770 2826 et
815 2769 1166 2826 manducabis
1200 2789 1399 2842 panem
1455 2773 1855 2828 benedictionis
1894 2777 1953 2828 et
1997 2776 2190 2843 potum
2246 2772 2401 2828 bibes
2448 2771 2620 2824 incor-

508 2859 793 2929 ruptionis,
817 2878 957 2929 quae
981 2861 1198 2931 ungeris
1223 2861 1516 2918 chrismate
1543 2880 1711 2919 sacro.
1774 2863 1913 2918 Ecce
1940 2862 2066 2918 dedi
2092 2866 2147 2918 te
2174 2861 2341 2918 hodie
2363 2877 2614 2931 sponsam

509 2948 729 3020 Joseph,
769 2953 828 3006 et
866 2969 1062 3008 nomen
1097 2956 1249 3006 tuum
1289 2970 1397 3009 non
1425 2954 1709 3009 vocabitur
1744 2954 1977 3022 amplius
2006 2953 2287 3021 Asseneth,
2329 2951 2425 3006 sed
2461 2949 2620 3003 multi

510 3041 724 3111 refugii.
797 3043 942 3098 Nam
997 3041 1340 3111 poenitentia
1395 3043 1646 3098 exoravit
1688 3061 1789 3114 pro
1844 3048 1901 3100 te
1952 3045 2294 3109 altissimum,
2351 3059 2490 3111 quae
2538 3044 2624 3094 est

509 3131 622 3186 filia
675 3131 938 3198 altissimi,
998 3133 1152 3201 virgo
1201 3132 1388 3186 hilaris
1437 3133 1617 3188 ridens
1665 3151 1880 3204 semper
1925 3139 1982 3189 et
2042 3134 2300 3191 modesta.
2385 3131 2623 3199 Cumque

511 3225 794 3290 quaereret
823 3223 1088 3278 Asseneth
1125 3223 1195 3277 ab
1221 3224 1430 3294 Angelo
1468 3241 1664 3280 nomeu
1698 3225 1828 3292 eius,
1866 3225 2171 3296 respondit:
2214 3233 2412 3279 nomen
2437 3239 2617 3276 meum

518 3315 781 3382 scriptum
817 3318 900 3369 est
936 3313 1108 3384 digito
1143 3314 1246 3371 Dei
1281 3315 1340 3369 in
1377 3314 1518 3370 libro
1556 3315 1819 3379 altissimi,
1869 3318 1926 3371 et
1965 3315 2161 3380 omnia,
2213 3332 2351 3384 quae
2387 3314 2443 3367 in
2483 3313 2621 3366 libro
2722 3319 2727 3324 “

510 3402 605 3458 illo
640 3404 847 3473 scripta
885 3406 1026 3470 sunt,
1065 3403 1403 3460 insatiabilia
1441 3405 1515 3475 [in
1554 3405 1707 3474 Spec.
1750 3405 1882 3459 Hist.
1923 3404 2103 3461 Berol.
2140 3405 2371 3474 legitur:
2433 3401 2617 3456 ineffa-

506 3492 659 3564 bilia]
697 3496 837 3565 sunt,
886 3511 955 3550 ne
993 3495 1247 3551 convenit
1293 3494 1500 3551 homini
1536 3495 1756 3552 mortali
1800 3494 1886 3548 vel
1924 3495 2111 3549 audire
2156 3494 2252 3549 illa
2287 3494 2373 3549 vel
2423 3493 2618 3547 dicere.

505 3581 576 3637 Et
611 3583 691 3638 ait
724 3584 988 3640 Asseneth
1023 3588 1214 3642 tenens
1250 3585 1621 3640 summitatem
1655 3584 1810 3656 pallii
1846 3583 1983 3642 eius:
2060 3583 2118 3638 Si
2153 3583 2339 3638 inveni
2375 3582 2612 3652 gratiam

506 3672 562 3725 in
600 3673 768 3728 oculis
793 3675 918 3740 tuis,
956 3675 1082 3730 sede
1107 3692 1247 3729 nunc
1284 3675 1571 3744 paululum
1606 3692 1766 3744 super
1790 3675 1989 3728 lectum
2026 3675 2206 3740 istum,
2248 3691 2411 3743 super
2446 3690 2608 3742 quem

512 3778 671 3819 nemo
708 3781 948 3832 unquam
971 3765 1128 3835 sedit,
1164 3768 1222 3821 et
1245 3766 1587 3834 praeparabo
1622 3765 1724 3819 tibi
1750 3783 2006 3823 mensam.
2085 3765 2153 3820 Et
2176 3765 2317 3820 dixit
2339 3764 2611 3834 Angelus:

505 3853 638 3908 affer
674 3854 800 3910 cito.
875 3854 947 3909 Et
992 3855 1248 3923 apposuit
1301 3872 1499 3925 panem
1538 3858 1593 3910 et
1649 3857 1833 3910 vinum
1890 3873 2053 3912 suave
2109 3855 2273 3910 oleris
2310 3855 2510 3910 vetusti
2564 3857 2622 3906 et

499 3960 745 4000 mensam
772 3961 985 4002 novam.
1058 3945 1130 3999 Et
1157 3946 1240 4000 ait
1261 3947 1529 4014 Angelus:
1568 3944 1699 4000 affer
1724 3945 1858 4000 mihi
1896 3950 1951 4002 et
1974 3947 2159 4002 favum
2184 3946 2378 4001 mellis.
2454 3944 2616 4000 Cum·

501 4050 605 4101 que
641 4034 739 4089 illa
775 4034 1094 4090 contristata
1129 4037 1317 4101 staret,
1359 4051 1424 4091 eo
1463 4035 1607 4102 quod
1644 4036 1829 4092 favum
1866 4053 1974 4091 non
2011 4035 2254 4103 haberet,
2294 4036 2375 4090 ait
2415 4034 2467 4089 ei
2502 4034 2614 4088 An-

505 4125 683 4192 gelus:
737 4124 882 4180 intra
925 4126 984 4179 in
1037 4125 1311 4182 cellarium
1358 4129 1534 4196 tuum,
1596 4134 1653 4182 et
1700 4125 1941 4184 invenies
1997 4127 2181 4184 favum
2229 4126 2403 4182 mellis
2456 4142 2619 4194 super

496 4229 738 4271 mensam
771 4218 938 4272 tuam.
